 
  

@book{sze,
    title={ Physics of semiconductor devices },
      author={ S. M. Sze},
        year={1981},
          publisher={ John Wiley }
}
@book{grove,
    title={ Physics and technology  of semiconductor devices, ISBN: 978-0-470-53794-7 },
      author={A.S. Grove},
        year={1967},
          publisher={ John Wiley }
}
  
  
@book{ghandhi,
    title={ Semiconductor Power Devices,  ISBN-13: 978-0471029991  },
      author={ S. K. Ghandhi},
        year={1977},
          publisher={ John Wiley }
}

@book{spieler,
    title={ Semiconductor Detector Systems, ISBN: 9780198527848 },
      author={ H. Spieler},
        year={2005},
          publisher={ Oxford University Press}
}
  
@article{silvaco,
url={https://www.silvaco.com/products/tcad.html}
}



@article{px5,
url={http://amptek.com/products/px5\_digital\_pulse\_processor/}
}

@article{jte,
  author={ P. Fernández-Martínez, D. Flores, S. Hidalgo, V. Greco, A. Merlos, G. Pellegrini},
  title={ Design and fabrication of an optimum peripheral region for low gain avalanche detector},
  journal={ Nucl. Instrum. And Meth. in Phys. Res. A },
  volume={ 821 },
    pages={93-100},
    year={2016},
}




@article{piemontepspray,
title = "Device Simulations of Isolation Techniques for Silicon Microstrip Detectors Made
on p-Type Substrates",
journal = "IEEE Trans.  Nucl. Sci.",
volume = "53",
pages = "1694-1705",
year = "2006",
issn = "0168-9002",
doi = "0.1109/TNS.2006.872500",
author = "C. Piemonte",
}

@article{cartigliabeamtest,
title = "Beam test results of a 16 ps timing system based on ultra-fast silicon detectors",
journal = "Nucl. Instrum. And Meth. in Phys. Res. A",
volume = "850",
pages = "83-88",
year = "2017",
issn = "0168-9002",
doi = "https://doi.org/10.1016/j.nima.2017.01.021",
author = "N. Cartiglia and others",
}


@article{FERNANDEZMARTINEZ201693,
title = "Design and fabrication of an optimum peripheral region for low gain avalanche detectors",
journal = "Nucl. Instrum. And Meth. in Phys. Res. A",
volume = "821",
pages = "93 - 100",
year = "2016",
issn = "0168-9002",
doi = "https://doi.org/10.1016/j.nima.2016.03.049",
author = "Pablo Fernández-Martínez and D. Flores and S. Hidalgo and V. Greco and A. Merlos and G. Pellegrini and D. Quirion",
keywords = "Silicon detectors, Avalanche multiplication, LGAD, Process technology, Oxide charge"
}

@article{Fernandez-Martinez:2015bda,
      author         = "Fernandez-Martinez, Pablo and Flores, David and Hidalgo,
                        Salvador and Greco, Virginia and Merlos, Angel and
                        Pellegrini, Giulio and Quirion, David",
      title          = "{Design and Fabrication of an Optimum Peripheral Region
                        for Low Gain Avalanche Detectors}",
      journal        = "Nucl. Instrum. Meth.",
      volume         = "A821",
      year           = "2016",
      pages          = "93-100",
      doi            = "10.1016/j.nima.2016.03.049",
      eprint         = "1510.08626",
      archivePrefix  = "arXiv",
      primaryClass   = "physics.ins-det",
      SLACcitation   = "%%CITATION = ARXIV:1510.08626;%%"
}



@article{micronlgad,
  author={ N. Moffat, R. Bates, M. Bullough, L. Flores, D. Maneuski, L. Simon, N. Tartoni, F. Dohertya and J. Ashbya
},
  title={ Low Gain Avalanche Detectors ({LGAD}) for particle physics and synchrotron applications },
  journal={ JINST},
  volume={ 13 },
    pages={C~03014},
    year={2018},
}

@article{1748-0221-13-03-C03014,
  author={N. Moffat and R. Bates and M. Bullough and L. Flores and D. Maneuski and L. Simon and N. Tartoni and F. Doherty and J. Ashby},
  title={Low Gain Avalanche Detectors ({LGAD}) for particle physics and synchrotron applications},
  journal={JINST},
  volume={13},
  pages={C03014},
  url={http://stacks.iop.org/1748-0221/13/i=03/a=C03014},
  year={2018},
  abstract={A new avalanche silicon detector concept is introduced with a low gain in the region of ten, known as a Low Gain Avalanche Detector, LGAD. The detector's characteristics are simulated via a full process simulation to obtain the required doping profiles which demonstrate the desired operational characteristics of high breakdown voltage (500 V) and a gain of 10 at 200 V reverse bias for X-ray detection. The first low gain avalanche detectors fabricated by Micron Semiconductor Ltd are presented. The doping profiles of the multiplication junctions were measured with SIMS and reproduced by simulating the full fabrication process which enabled further development of the manufacturing process. The detectors are 300 ÎŒm thick p-type silicon with a resistivity of 8.5 kÎ©cm, which fully depletes at 116 V. The current characteristics are presented and demonstrate breakdown voltages in excess of 500 V and a current density of 40 to 100 nAcm â2 before breakdown measured at 20 o C. The gain of the LGAD has been measured with a red laser (660 nm) and shown to be between 9 and 12 for an external bias voltage range from 150 V to 300 V.}
}


@article{hartmuth,
  author={ H. F.-W. Sadrozinski, S. Ely, V. Fadeyev, Z. Galloway, J. Ngo, C. Parker, B. Petersen, A. Seiden, A. Zatserklyaniy, N. Cartiglia, F. Marchetto, M. Bruzzi, R. Mori, M. Scaringella, A. Vinattieri },
  title={ Ultra-fast silicon detectors },
  journal={ Nucl. Instrum. And Meth. in Phys. Res. A },
  volume={ 730},
    pages={226-231},
    year={2013},
}

@article{Sadrozinski:2013nja,
      author         = "Sadrozinski, H. F. -W. and others",
      title          = "{Ultra-fast silicon detectors}",
      booktitle      = "{Proceedings, 9th International Conference on Radiation
                        Effects on Semiconductor Materials Detectors and Devices:
                        Florence, Italy, October 9-12, 2012}",
      journal        = "Nucl. Instrum. Meth.",
      volume         = "A730",
      year           = "2013",
      pages          = "226-231",
      doi            = "10.1016/j.nima.2013.06.033",
      SLACcitation   = "%%CITATION = NUIMA,A730,226;%%"
}


@article{gflgad,
  author={ G.-F. Dalla Betta, L. Pancheri, M. Boscardin, G. Paternoster, C.  Piemonte, N. Cartiglia, F. Cenna, M. Bruzzi },
  title={ Design and TCAD simulation of double-sided pixelated low gain avalanche detectors },
  journal={ Nucl. Instrum. And Meth. in Phys. Res. A },
  volume={796},
    pages={154-157},
    year={2015},
}

@article{DALLABETTA2015154,
title = "Design and {TCAD} simulation of double-sided pixelated low gain avalanche detectors",
journal = "Nucl. Instrum. And Meth. in Phys. Res. A",
volume = "796",
pages = "154 - 157",
year = "2015",
note = "Proceedings of the 10th International Conference on Radiation Effects on Semiconductor Materials Detectors and Devices",
issn = "0168-9002",
doi = "https://doi.org/10.1016/j.nima.2015.03.039",
author = "Gian-Franco Dalla Betta and Lucio Pancheri and Maurizio Boscardin and Giovanni Paternoster and Claudio Piemonte and Nicolo Cartiglia and Francesca Cenna and Mara Bruzzi",
keywords = "Silicon detectors, Avalanche photodiodes, Low gain avalanche detector, TCAD simulations"
}

@article{pellegrini,
  author={ G. Pellegrini, P. Fernández-Martínez, M. Baselga, C. Fleta, D. Flores, V. Greco, S. Hidalgo, I. Mandic , G. Kramberger, D. Quirion, M. Ullan},
  title={ Technology developments and first measurements of Low Gain Avalanche  Detectors(LGAD)for high energy physics applications },
  journal={ Nucl. Instrum. And Meth. in Phys. Res. A },
  volume={765},
    pages={12–16 },
    year={2014},
}

@article{Pellegrini:2014lki,
      author         = "Pellegrini, G. and others",
      title          = "{Technology developments and first measurements of Low
                        Gain Avalanche Detectors (LGAD) for high energy physics
                        applications}",
      booktitle      = "{Proceedings, 9th International "Hiroshima" Symposium on
                        Development and Application of Semiconductor Tracking
                        Detectors (HSTD-9): Hiroshima, Japan, September 2-6,
                        2013}",
      journal        = "Nucl. Instrum. And Meth. in Phys. Res. A",
      volume         = "A765",
      year           = "2014",
      pages          = "12-16",
      doi            = "10.1016/j.nima.2014.06.008",
      SLACcitation   = "%%CITATION = NUIMA,A765,12;%%"
}

  


@article{lecrosnier_jeft,
  author={ D. Lecrosnier and G. Pelous },
  title={ Ion-implanted FET for Power Applications },
  journal={ IEEE Trans. on Elec. Dev.},
  volume={ED-21},
  number={01},
  pages={112},
    year={1974},
}
  
  
@article{villani,
  author={E. Giulio Villani and P. Phillips and J. Matheson and Z. Zhang and D. Lynn and P. Kuczewski and L.B.A. Hommels and I. Gregor and M.
Bessner and K. Tackmann and F.M. Newcomer and E. Spencer and A. Greenall},
  title={HVMUX, a high voltage multiplexing for the ATLAS Tracker upgrade},
  journal={Journal of Instrumentation},
  volume={12},
  number={01},
  pages={C01076},
  url={http://stacks.iop.org/1748-0221/12/i=01/a=C01076},
  year={2017},
}
  
@article{cnm3Djfet,
  author={P. Fernández-Martínez and M. Ullán and D. Flores and S. Hidalgo and D. Quirion and D. Lynn},
  title={Rad-hard vertical JFET switch for the HV-MUX system of the ATLAS upgrade Inner Tracker},
  journal={Journal of Instrumentation},
  volume={11},
  number={01},
  pages={C01043},
  url={http://stacks.iop.org/1748-0221/11/i=01/a=C01043},
  year={2016},
}
  
  
@ARTICLE{cnm3djfet2,
   author = {{Fern{\'a}ndez-Mart{\'{\i}}nez}, P. and {Flores}, D. and {Hidalgo}, S. and 
	{Quirion}, D. and {Dur{\`a}}, R. and {Ull{\'a}n}, M.},
    title = "{First fabrication of a silicon vertical JFET for power distribution in high energy physics applications}",
  journal = {Nuclear Instruments and Methods in Physics Research A},
 keywords = {Junction field effect transistor, Rad-hard switch, High energy physics instrumentation, ATLAS upgrade, High Luminosity LHC},
     year = 2018,
    month = jan,
   volume = 877,
    pages = {269-277},
      doi = {10.1016/j.nima.2017.08.043},
   adsurl = {http://adsabs.harvard.edu/abs/2018NIMPA.877..269F},
  adsnote = {Provided by the SAO/NASA Astrophysics Data System}
}
  




@misc{PPS:proj, 
    title = "{ATLAS Upgrade Planar Pixel Sensor R\&D Project}",
 url={https://twiki.cern.ch/twiki/bin/view/Atlas/PlanarPixelUpgrade},
}

@article{ATLAS,
      author         = "Aad, G. and others",
      collaboration  = "ATLAS Collaboration",
      journal        = "JINST",
      volume         = "3",
      pages          = "S08003",
      doi            = "10.1088/1748-0221/3/08/S08003",
      year           = "2008"
}

@TECHREPORT{AtlasID1,
                 author = "{ATLAS collaboration}",
                 title = "Inner Detector - Technical Design Report, 1",
                 institution = "CERN",
                 key = "CERN-LHCC-97-016",
                 year = "1997",
                 URL = "http://cdsweb.cern.ch/record/331063"
                  }

@TECHREPORT{AtlasID2,
                 author = "{ATLAS collaboration}",
                 title = "Inner Detector - Technical Design Report, 2",
                 institution = "CERN",
                 key = "CERN-LHCC-97-017",
                 year = "1997",
                 URL = "http://cdsweb.cern.ch/record/381263"
                  }


@article{AtlasPixels,
      author         = "Aad, G. and Ackers, M. and Alberti, F.A. and Aleppo, M.
                        and Alimonti, G. and others",
      journal        = "JINST",
      volume         = "3",
      pages          = "P07007",
      doi            = "10.1088/1748-0221/3/07/P07007",
      year           = "2008",
      title=	"{ATLAS} pixel detector electronics and sensors"
}

@manual{LHC,
        title = "{LHC Technical Design Report}",
        url = "http://lhc.web.cern.ch/lhc/LHC-DesignReport.html"
}


@article{FEI3,
      author         = "Peric, I. and others",
      title          = "{The FEI3 readout chip for the ATLAS pixel detector}",
      booktitle      = "{Proceedings,  3rd International Workshop on
                        Semiconductor Pixel Detectors for Particles and Imaging
                        (PIXEL 2005): Bonn, Germany, September 5-8, 2005}",
      journal        = "Nucl. Instrum. Meth.",
      volume         = "A565",
      year           = "2006",
      pages          = "178-187",
      doi            = "10.1016/j.nima.2006.05.032",
      SLACcitation   = "%%CITATION = NUIMA,A565,178;%%"
}




@article{SLHC,
journal = "Nucl. Instr. and Meth. A",
volume = "596",
number = "1",
pages = "43 - 47",
year = "2008",
author = "{A.~Tricomi}",
}

@article{fluences,
journal = "Nucl. Instr. and Meth. A",
volume = "541",
number = "1-2",
pages = "189 - 201",
year = "2005",
author = "{M.~Bruzzi {\it et al.}}"
}




@article{FEI4,
      author         = "Garcia-Sciveres, M. and others",
      title          = "{The FE-I4 pixel readout integrated circuit}",
      booktitle      = "{Proceedings, 7th International 'Hiroshima' Symposium on
                        the Development and Application of Semiconductor Tracking
                        Detectors (HSTD-7): Hiroshima, Japan, August 29-September
                        1, 2009}",
      journal        = "Nucl. Instrum. Meth.",
      volume         = "A636",
      year           = "2011",
      pages          = "S155-S159",
      doi            = "10.1016/j.nima.2010.04.101",
      SLACcitation   = "%%CITATION = NUIMA,A636,S155;%%"
}



@techreport{IBLTDR,
      author        = "Capeans, M and Darbo, G and Einsweiller, K and Elsing, M
                       and Flick, T and Garcia-Sciveres, M and Gemme, C and
                       Pernegger, H and Rohne, O and Vuillermet, R",
      title         = "{ATLAS Insertable B-Layer Technical Design Report}",
      institution="{CERN}",
      collaboration = {ATLAS},
      number        = "CERN-LHCC-2010-013. ATLAS-TDR-19",
      month         = "Sep",
      year          = "2010",
      reportNumber  = "CERN-LHCC-2010-013",
      url           = "https://cds.cern.ch/record/1291633",
}



@article{Diamond,
journal = "Nucl. Instr. and Meth. A",
volume = "636",
pages = "125 - 129",
year = "2011",
author = "{D. Asner {\it et al.}}"
}

@article{3D,
journal = "Nucl. Instr. and Meth. A",
volume = "628",
number = "1",
pages = "216 - 220",
year = "2011",
author = "{P. Hansson {\it et al.}}",
}

@PHDTHESIS{moll-thesis,
author         = "Moll, Michael",
      title          = "{Radiation damage in silicon particle detectors:
                        Microscopic defects and macroscopic properties}",
      school         = "Hamburg U.",
      url            = "http://www-library.desy.de/cgi-bin/showprep.pl?desy-thesis99-040",
      year           = "1999",
      reportNumber   = "DESY-THESIS-1999-040",
      SLACcitation   = "%%CITATION = DESY-THESIS-1999-040;%%"
}

@article{Trapping,
journal = "Nucl. Instr. and Meth. A",
volume = "481",
number = "1-3",
pages = "297 - 305",
year = "2002",
author = {Kramberger, G and others},
title = {Effective trapping time of electrons and holes in different silicon materials irradiated with neutrons, protons and pions},
doi = {10.1016/S0168-9002(01)01263-3},
}

@article{Triga,
title="Time development and flux dependence of neutron-irradiation induced defects in silicon pad detectors",
journal = "Nucl. Instr. and Meth. A",
volume = "426",
number = "1",
pages = "51 - 55",
year = "1999",
author = "{D.~Zontar {\it et al.} }"
}


@article{Casse,
title = "Enhanced efficiency of segmented silicon detectors of different thicknesses after proton irradiations up to 1x10**16 neq cm2",
volume = "624",
number = "2",
pages = "401 - 404",
year = "2010",
note = "New Developments in Radiation Detectors",
journal = "Nucl. Instr. and Meth. A",
issn = "0168-9002",
doi = "10.1016/j.nima.2010.02.134",
author = "Gianluigi Casse and A. Affolder and P.P. Allport and H. Brown and M. Wormald",
}


@article{Qmult,
author="{G.~Kramberger {\it et al.}}", 
journal="{IEEE NSS Conference Record}",
year={2009},
volume={1},
number={24},
pages={1740 -1748},
}

@article{MultCasse,
author="{G.~Casse {\it et. al}}",
journal="{PoS(Vertex 2010)}",
year="2010",
}





@manual{AIDA,
        title = "{AIDA new icon : Advanced European Infrastructures for Detectors and Accelerators
        Project reference: 262025}",
        url = "http://aida.web.cern.ch/aida/index.html",
}

@manual{activeScipp,
      author="{M.~Christophersen}",
      title="{Laser-Scribing and Sidewall Passivation of P-Type Sensors}",
      url="{http://indico.cern.ch/getFile.py/access?contribId=7\&sessionId=1\&resId=1\&materialId=slides\&confId=114255}"
     
}

@article{3dKenney,
title={Results From 3-D Silicon Sensors With Wall
Electrodes: Near-Cell-Edge Sensitivity
Measurements as a Preview of
Active-Edge Sensors},
author="{C~.J~Kenney {\it et al.}}" ,
journal="{IEEE Transactions on Nuclear Science, }", 
volume="48", 
number="6", 
pages="2405-2410", 
year="2001",
}

@article{activeFBK,
journal = "Nucl. Instr. and Meth. A",
volume = "636",
number = "1, Supplement 1",
pages = "S15 - S23",
year = "2011",
author = "{G.~F.~ Dalla Betta {\it et al.}}",
}

@article{Unno07,
journal = "Nucl. Instr. and Meth. A",
volume = "636",
number = "1, Supplement 1",
pages = "S24 - S30",
year = "2011",
author = "{Y. Unno {\it et al.}}",
}

@article{EUDET,
author="{A.~Bulgheroni  {\it et al}}",
journal="{Nucl. Instr. and Meth.A}",
volume="{623}",
year="2010", 
pages="399",
}

@techreport{ref:eudetreport200902,
  author        = {Bulgheroni, A.},
  title         = {Results from the {EUDET} telescope with high resolution planes},
  number        = {EUDET-Report-2009-02},
  year          = {2009},
}

@INPROCEEDINGS{mimosa,
author={Bulgheroni, A.},
booktitle={Nuclear Science Symposium Conference Record, 2007. NSS '07. IEEE}, title={First test beam results from the EUDET pixel telescope},
year={2007},
month={26 2007-nov. 3},
volume={3},
number={},
pages={1878 -1884},
doi={10.1109/NSSMIC.2007.4436523},
}

@ARTICLE{mimosa22,
author={Orsini, F. {\it et al.}},
journal={Nuclear Science, IEEE Transactions on}, title={A Radiation Hard Digital Monolithic Pixel Sensor for the EUDET-JRA1 Project},
year={2010},
month={aug. },
volume={57},
number={4},
pages={2287 -2293},
doi={10.1109/TNS.2010.2050148},
}

@article{HuGuo2010480,
title = "First reticule size {MAPS} with digital output and integrated zero suppression for the {EUDET-JRA1} beam telescope ",
journal = "Nucl. Instrum. Methods Phys. Rev. A",
volume = "623",
number = "1",
pages = "480 - 482",
year = "2010",
note = "1st International Conference on Technology and Instrumentation in Particle Physics ",
issn = "0168-9002",
doi = "10.1016/j.nima.2010.03.043",
author = "Hu-Guo, C and others"
}



@article{CalderiniHiroshima,
journal = "Nucl. Instr. and Meth. A",
volume = "636",
number = "1, Supplement 1",
pages = "S37 - S41",
year = "2011",
author = "{G.~Calderini {\it et al.}}",
}

@article{nTUD,
  author="{S.~Altenheiner {\it et al.}}", 
  journal="{Nucl. Instr. and Meth. A, }",
   year="{2011}",
   doi="{10.1016/j.Nucl. Instr. and Meth. A.2011.05.074}",
}

@INPROCEEDINGS{Sadro2009,
author="{V.~Fadeyev {\it et al.}}",
booktitle={Nuclear Science Symposium Conference Record (NSS/MIC), 2009 IEEE}, title={Improving pixel detectors: Active area optimization and high temperature annealing},
year={2009},
volume={24},
pages={1674 -1677},
}

@article{Benoit:2009zz,
      author         = "{M.~Benoit {\it et al.}}",
      journal        = "JINST",
      volume         = "4",
      pages          = "P03025",
      year           = "2009",
}



@techreport{rd50-2007,
      author = "{M.~Bruzzi and M.~Moll}",
      institution="{CERN}",
      year="{2007}",
      note="{RD50 status report}",
      url="{http://cdsweb.cern.ch/record/1082083/files/RD50statusreport.pdf}"
     
}

@manual{Anna,
        author = "{A.~Macchiolo}",
        note = "these proceedings",
}




@manual{IBL,
        author = "{P.~Grenier}",
        note = "these proceedings",
}


@ARTICLE{Casse2e16,
author="{G. Casse {\it et al.}}",
journal={Nuclear Science, IEEE Transactions on}, 
volume={56},
number={3},
pages={765 -770},
year={2009},
}


@article{Moscatelli-2002,
title={An enhanced approach to numerical modeling of heavily irradiated silicon devices},
author="{Moscatelli, F. and others}",
journal="Nucl. Instrum. Meth. B", 
volume="186", 
pages="171", 
year="2002",
doi = {10.1016/S0168-583X(01)00899-0},
}

@article{Moscatelli-2004,
 title="Comprehensive device simulation modeling of heavily irradiated silicon detectors at cryogenic temperatures",
 author="{Moscatelli, F. and others}",
journal= "IEEE Trans. Nucl. Sci.", 
volume=51, 
number=4,
pages="1759-1765", 
 year=2004,
doi = {10.1109/TNS.2004.832602},
}

@article{Moscatelli-2006,
 title="Numerical simulation of radiation damage effects in p-type silicon detectors",
 author="{Petasecca, M. and others}", 
 journal= "Nucl. Instrum. Meth. A",
  volume="563", 
  number=1, 
  pages="192-195", 
  year=2006,
  doi = {10.1109/TNS.2006.881910},
}

@article{bib:nim2012,
author="{M.~Bomben {\it et al.}}",
title="{Development of Edgeless n-on-p Planar Pixel Sensors for future ATLAS Upgrades}",
journal="Nucl. Instr.  and Meth. A", 
volume="712", 
year="2013", 
pages="41-47",
doi = {10.1016/j.nima.2013.02.010},
}

@article{bib:MPI,
title="Characterization and performance of silicon n-in-p pixel detectors for the ATLAS upgrades",
author="P. Weigell {\it et al.}", 
journal="Nucl. Instr. and Meth. A", 
volume="658", 
year="2011",
pages="36-40"
}

@techreport{Rossi:1471000,
      author        = "Rossi, L and Br?ning, O",
      title         = "{High Luminosity Large Hadron Collider  A description for
                       the European Strategy Preparatory Group}",
      institution   = "CERN",
      collaboration = "The project is partially supported by the EC as FP7 HiLumi
                       LHC Design Study under grant no. 284404 Collaboration",
      address       = "Geneva",
      number        = "CERN-ATS-2012-236",
      month         = "Aug",
      year          = "2012",
}

@ARTICLE{6522814, 
author={Giacomini, G. and Bagolini, A. and Boscardin, M. and Dalla Betta, G.-F. and Mattedi, F. and Povoli, M. and Vianello, E. and Zorzi, N.}, 
journal={Nuclear Science, IEEE Transactions on}, 
title={Development of Double-Sided Full-Passing-Column 3D Sensors at FBK}, 
year={2013}, 
volume={60}, 
number={3}, 
pages={2357-2366}, 
doi={10.1109/TNS.2013.2262951}, 
ISSN={0018-9499},}

@ARTICLE{2013arXiv1311.1628B,
author={M Bomben and A Bagolini and M Boscardin and L Bosisio and G Calderini and J Chauveau and G Giacomini and A La Rosa and G Marchiori and N
Zorzi},
  title={Electrical characterization of thin edgeless N-on-p planar pixel sensors for ATLAS upgrades},
  journal={Journal of Instrumentation},
  volume={9},
  number={05},
  pages={C05020},
  year={2014},
  doi = {10.1088/1748-0221/9/05/C05020},
}

  	
@article{bib:PPS,
  author={C. Nellist},
  title={Achievements of the ATLAS upgrade Planar Pixel Sensors R\&D Project},
  journal={Journal of Instrumentation},
  volume={10},
  number={01},
  pages={C01027},
  url={http://stacks.iop.org/1748-0221/10/i=01/a=C01027},
  year={2015},
}

@techreport{HL-LHC,
      author        = "McMahon, S and Allport, P and Hayward, H and Di Girolamo,
                       B",
      title         = "{Initial Design Report of the ITk: Initial Design Report
                       of the ITk}",
      institution   = "CERN",
      address       = "Geneva",
      number        = "ATL-COM-UPGRADE-2014-029",
      month         = "Oct",
      year          = "2014",
      reportNumber  = "ATL-COM-UPGRADE-2014-029",
      url           = "https://cds.cern.ch/record/1952548"
}


@INPROCEEDINGS{bib:metal,
  author={Vianello, E. and Bagolini, A. and Bellutti, Pierluigi and Boscardin, M. and Betta, G.-F.D. and Giacomini, G. and Piemonte, C. and Povoli, M. and Zorzi, N.},
  booktitle={Nuclear Science Symposium and Medical Imaging Conference (NSS/MIC), 2011 IEEE},
  title={Optimization of double-side 3D detector technology for first productions at FBK},
  year={2011},
  pages={523-528},
  keywords={electrodes;silicon radiation detectors;3D pixel sensors;3D-DTTC;ATLAS IBL;FBK;double column 3D detectors;double side 3D detector technology optimization;double sided 3D detectors;passing columns;Continuous wavelet transforms;Electric breakdown;Three dimensional displays},
  doi={10.1109/NSSMIC.2011.6154102},
  ISSN={1082-3654},
  month={Oct},}

@manual{desytb,
    key={desy testbeam},
    title="testbeam.desy.de",
    url="testbeam.desy.de",}

@manual{eutelescope,
    key={eutelescope},
    title="http://eutelescope.web.cern.ch/",
    url="http://eutelescope.web.cern.ch/",}


@manual{tbmon2,
    key={tbmon2},
    title="https://bitbucket.org/TBmon2/tbmon2/overview",
    url="https://bitbucket.org/TBmon2/tbmon2/overview",}
    
 @PHDTHESIS{zhang-thesis,
                author = "{J.~Zhang}",
                title="{X-ray Radiation Damage Studies and Design of a Silicon Pixel Sensor
for Science at the XFEL}",
                school="Hamburg",
                year="2013",
                month="June",
                ISSN={1435-8085},
                note="{DESY-THESIS-2013-018}"
                 }



@article{Passeri2015,
      author         = "Passeri, D. and Moscatelli, F. and Morozzi, A. and Bilei,
                        G. M.",
      title          = "{Modeling of Radiation Damage Effects in Silicon
                        Detectors at High Fluences HL-LHC with Sentaurus TCAD}",
      booktitle      = "{Proceedings, 13th Pisa Meeting on Advanced Detectors :
                        Frontier Detectors for Frontier Physics (FDFP 2015): La
                        Biodola, Isola d'Elba, Italy, May 24-30, 2015}",
      journal        = "Nucl. Instrum. Meth.",
      volume         = "A824",
      year           = "2016",
      pages          = "443-445",
      doi            = "10.1016/j.nima.2015.08.039",
}


@INPROCEEDINGS{edgeless_ieee_2015, 
author = "M. Bomben et al.", 
title = "Performance of edgeless silicon pixel sensors on p-type substrate for the ATLAS high-luminosity upgrade", 
booktitle = "2015 IEEE Nuclear Science Symposium and Medical Imaging Conference (NSS/MIC), San Diego, CA, 2015, pp. 1-4.",
doi = "10.1109/NSSMIC.2015.7581991",
keywords = {silicon radiation detectors},
keywords = {ATLAS High-Luminosity Upgrade},
keywords = {FBK-CMM},
keywords = {High Luminosity LHC},
keywords = {beam test},
keywords = {edgeless}, 
keywords = {silicon pixel sensor},
keywords = {n-on-p},
keywords = {planar pixel sensors},
keywords = {p-type substrate},
keywords = {radiation hard sensors},
keywords = {radiation detectors},
url = "http://ieeexplore.ieee.org/stamp/stamp.jsp?tp=&arnumber=7581991&isnumber=7581238"
}
@INPROCEEDINGS{Millipede, 
author = "V. Blobel", 
title = "Millepede II: Linear Least Squares Fits with a Large Number of Parameters", 
booktitle = "Institut fur Experimentalphysik Universitat Hamburg", 
year = "2007",

}

@article{CMSPixels,
      author         = "Dominguez, Aaron",
      title          = "{The CMS pixel detector}",
      booktitle      = "{Instrumentation. Proceedings, 11th International
                        Conference, VCI 11, Vienna, Austria, February 19-24,
                        2007}",
      collaboration  = "CMS Pixel",
      journal        = "Nucl. Instrum. Meth.",
      volume         = "A581",
      year           = "2007",
      pages          = "343-346",
      doi            = "10.1016/j.nima.2007.07.156",
      SLACcitation   = "%%CITATION = NUIMA,A581,343;%%"
}



@book{rossi2006pixel,
    title={Pixel detectors: From fundamentals to applications},
      author={Rossi, L. and Fischer, P. and Rohe, T. and Wermes, N.},
        year={2006},
          publisher={Springer Science \& Business Media}
}

@Article{Jansen2016,
author="Jansen, H.
 Spannagel et al, S.

",
title="Performance of the EUDET-type beam telescopes",
journal="EPJ Techniques and Instrumentation",
year="2016",
volume="3",
number="1",
pages="7",
issn="2195-7045",
doi="10.1140/epjti/s40485-016-0033-2",
}







@article{mimosa26,
title = "First reticule size \{MAPS\} with digital output and integrated zero suppression for the EUDET-JRA1 beam telescope ",
journal = "Nucl. Instr. and Meth. A",
volume = "623",
number = "1",
pages = "480 - 482",
year = "2010",
note = "1st International Conference on Technology and Instrumentation in Particle Physics ",
issn = "0168-9002",
doi = "10.1016/j.nima.2010.03.043",
author = "Hu-Guo, C and others ",
}

@manual{RCE,
  title = "Reconfigurable Cluster Element, https://rceproject.web.cern.ch/",
  url = "https://rceproject.web.cern.ch/"
}

@manual{root,
  title = "ROOT Data Analysis Framework",
  url = "https://root.cern.ch/"
}

@phdthesis{Stefano,
  author       = {S. Terzo}, 
  title        = {Development of radiation hard pixel modules employing planar n-in-p silicon sensors with active edges for the ATLAS detector at HL-LHC},
  school       = {Technische Universitat Munchen, Max-Planck-Institut fur Physik,},
  year         = 2015,
  url = {https://mediatum.ub.tum.de/doc/1276352/1276352.pdf},
}

@article{20121,
      author         = "Aad, Georges and others",
      title          = "{Observation of a new particle in the search for the
                        Standard Model Higgs boson with the ATLAS detector at the
                        LHC}",
      collaboration  = "ATLAS",
      journal        = "Phys. Lett.",
      volume         = "B716",
      year           = "2012",
      pages          = "1-29",
      doi            = "10.1016/j.physletb.2012.08.020",
      reportNumber   = "CERN-PH-EP-2012-218",
}

@article{201230,
 author         = "Chatrchyan, Serguei and others",
      title          = "{Observation of a new boson at a mass of 125 GeV with the
                        CMS experiment at the LHC}",
      collaboration  = "CMS",
      journal        = "Phys. Lett.",
      volume         = "B716",
      year           = "2012",
      pages          = "30-61",
      doi            = "10.1016/j.physletb.2012.08.021",
      reportNumber   = "CMS-HIG-12-028, CERN-PH-EP-2012-220",
}



@article{PhysRevLett.13.508,
  title = {Broken Symmetries and the Masses of Gauge Bosons},
  author = {Higgs, Peter W.},
  journal = {Phys. Rev. Lett.},
  volume = {13},
  issue = {16},
  pages = {508--509},
  numpages = {0},
  year = {1964},
  month = {Oct},
  publisher = {American Physical Society},
  doi = {10.1103/PhysRevLett.13.508},
}

@article{PhysRevLett.13.321,
  title = {Broken Symmetry and the Mass of Gauge Vector Mesons},
  author = {Englert, F. and Brout, R.},
  journal = {Phys. Rev. Lett.},
  volume = {13},
  issue = {9},
  pages = {321--323},
  numpages = {0},
  year = {1964},
  month = {Aug},
  publisher = {American Physical Society},
  doi = {10.1103/PhysRevLett.13.321},
}

@article{HIGGS1964132,
title = "Broken symmetries, massless particles and gauge fields",
journal = "Physics Letters",
volume = "12",
number = "2",
pages = "132 - 133",
year = "1964",
note = "",
issn = "0031-9163",
doi = "10.1016/0031-9163(64)91136-9",
author = "P.W. Higgs",

}

@article{PhysRevLett.13.585,
  title = {Global Conservation Laws and Massless Particles},
  author = {Guralnik, G. S. and Hagen, C. R. and Kibble, T. W. B.},
  journal = {Phys. Rev. Lett.},
  volume = {13},
  issue = {20},
  pages = {585--587},
  numpages = {0},
  year = {1964},
  month = {Nov},
  publisher = {American Physical Society},
  doi = {10.1103/PhysRevLett.13.585},
  url = {https://link.aps.org/doi/10.1103/PhysRevLett.13.585}
}


@article{PhysRev.145.1156,
  title = {Spontaneous Symmetry Breakdown without Massless Bosons},
  author = {Higgs, Peter W.},
  journal = {Phys. Rev.},
  volume = {145},
  issue = {4},
  pages = {1156--1163},
  numpages = {0},
  year = {1966},
  month = {May},
  publisher = {American Physical Society},
  doi = {10.1103/PhysRev.145.1156},
  url = {https://link.aps.org/doi/10.1103/PhysRev.145.1156}
}

@article{PhysRev.155.1554,
  title = {Symmetry Breaking in Non-Abelian Gauge Theories},
  author = {Kibble, T. W. B.},
  journal = {Phys. Rev.},
  volume = {155},
  issue = {5},
  pages = {1554--1561},
  numpages = {0},
  year = {1967},
  month = {Mar},
  publisher = {American Physical Society},
  doi = {10.1103/PhysRev.155.1554},
  url = {https://link.aps.org/doi/10.1103/PhysRev.155.1554}
}

@article{GLASHOW1961579,
  title = "Partial-symmetries of weak interactions",
  journal = "Nuclear Physics",
  volume = "22",
  number = "4",
  pages = "579 - 588",
  year = "1961",
  note = "",
  issn = "0029-5582",
  doi = "10.1016/0029-5582(61)90469-2",
  author = "Sheldon L. Glashow",

}

@article{PhysRevLett.19.1264,
  title = {A Model of Leptons},
  author = {Weinberg, Steven},
  journal = {Phys. Rev. Lett.},
  volume = {19},
  issue = {21},
  pages = {1264--1266},
  numpages = {0},
  year = {1967},
  month = {Nov},
  publisher = {American Physical Society},
  doi = {10.1103/PhysRevLett.19.1264},
}


@article{SalamSM,
      author         = "Salam, Abdus",
      title          = "{Weak and Electromagnetic Interactions}",
      booktitle      = "{8th Nobel Symposium Lerum, Sweden, May 19-25, 1968}",
      journal        = "Conf. Proc.",
      volume         = "C680519",
      year           = "1968",
      pages          = "367-377",
      SLACcitation   = "%%CITATION = CONFP,C680519,367;%%"
}

 
@article{PhysRevLett.30.1343,
  title = {Ultraviolet Behavior of Non-Abelian Gauge Theories},
  author = {Gross, David J. and Wilczek, Frank},
  journal = {Phys. Rev. Lett.},
  volume = {30},
  issue = {26},
  pages = {1343--1346},
  numpages = {0},
  year = {1973},
  month = {Jun},
  publisher = {American Physical Society},
  doi = {10.1103/PhysRevLett.30.1343},
}

@article{PhysRevLett.30.1346,
  title = {Reliable Perturbative Results for Strong Interactions?},
  author = {Politzer, H. David},
  journal = {Phys. Rev. Lett.},
  volume = {30},
  issue = {26},
  pages = {1346--1349},
  numpages = {0},
  year = {1973},
  month = {Jun},
  publisher = {American Physical Society},
  doi = {10.1103/PhysRevLett.30.1346},
}

@misc{ wiki:xxx,
   author = "Wikimedia Commons",
   title = "File:Standard Model of Elementary Particles.svg --- Wikimedia Commons{,} the free media repository",
   year = "2017",

   url = {https://commons.wikimedia.org/w/index.php?title=File:Standard_Model_of_Elementary_Particles.svg&oldid=247917323},
   note = "[Online; accessed 18-June-2017]"

 }

@article{PhysRevLett.10.531,
  title = {Unitary Symmetry and Leptonic Decays},
  author = {Cabibbo, Nicola},
  journal = {Phys. Rev. Lett.},
  volume = {10},
  issue = {12},
  pages = {531--533},
  numpages = {0},
  year = {1963},
  month = {Jun},
  publisher = {American Physical Society},
  doi = {10.1103/PhysRevLett.10.531},
}

@article{Kobayashi:1973fv,
      author         = "Kobayashi, Makoto and Maskawa, Toshihide",
      title          = "{CP Violation in the Renormalizable Theory of Weak
                        Interaction}",
      journal        = "Prog. Theor. Phys.",
      volume         = "49",
      year           = "1973",
      pages          = "652-657",
      doi            = "10.1143/PTP.49.652",
}

@article{PhysRevLett.13.138,
  title = {Evidence for the $2\ensuremath{\pi}$ Decay of the $K_{2}^{0}$ Meson},
  author = {Christenson, J. H. and Cronin, J. W. and Fitch, V. L. and Turlay, R.},
  journal = {Phys. Rev. Lett.},
  volume = {13},
  issue = {4},
  pages = {138--140},
  numpages = {0},
  year = {1964},
  month = {Jul},
  publisher = {American Physical Society},
  doi = {10.1103/PhysRevLett.13.138},
}

@article{AtlasDetector,
      author         = "{ATLAS Collaboration}",
      title          = "{The ATLAS Experiment at the CERN Large Hadron Collider}",
      collaboration  = "ATLAS",
      journal        = "JINST",
      volume         = "3",
      year           = "2008",
      pages          = "S08003",
      doi            = "10.1088/1748-0221/3/08/S08003",
      SLACcitation   = "%%CITATION = JINST,3,S08003;%%"
}

@misc{37821,
      key            = "37821",
      title          = "{PEP-II: An Asymmetric B Factory. Conceptual Design
                        Report. June 1993}",
      year           = "1994",
      reportNumber   = "SLAC-418, LBL-PUB-5379, CALT-68-1869, UCRL-ID-114055,
                        UCIIRPA-93-01, SLAC-0418, SLAC-R-0418, SLAC-R-418",
      SLACcitation   = "%%CITATION = SLAC-418;%%",
      doi = {10.2172/10112145},
      url = {https://doi.org/10.2172/10112145},
        
}

@article{AUBERT20021,
title = "The BABAR detector",
journal = "Nucl. Instr. and Meth. A",
volume = "479",
number = "1",
pages = "1 - 116",
year = "2002",
issn = "0168-9002",
doi = "10.1016/S0168-9002(01)02012-5",
author = {Aubert, B and others},
}

@article{Hartmann2012,
      author         = "Hartmann, Frank",
      title          = "{Silicon tracking detectors in high-energy physics}",
      journal        = "Nucl. Instrum. Meth.",
      volume         = "A666",
      year           = "2012",
      pages          = "25-46",
      
}

@book{Lutz:411172,
      author        = "Lutz, Gerhard",
      title         = "{Semiconductor radiation detectors: device physics}",
      publisher     = "Springer",
      address       = "Berlin",
      year          = "1999",
      url           = "https://cds.cern.ch/record/411172",
}

@book{Sze1981,
    title={Physics of semiconductor devices},
      author={Sze, S.~M.},
        year={1981},
          publisher={John Wiley \& Sons}
}

@book{Wang1989,
    title={Fundamentals of Semiconductor Theory and Device Physics},
      author={Wang, Shyh},
        year={1989},
          publisher={Prentice-Hall International, Inc.}
}


@misc{ Krammer,
   author = "Krammer, Manfred",
   title = "Silicon Detectors",
   year = "2010-11",
   url = {http://www.hephy.at/fileadmin/user_upload/Lehre/Unterlagen/Praktikum/Halbleiterdetektoren.pdf},
   note = "[Online; accessed 02-July-2017]"

 }


  	
@article{1748-0221-12-05-P05006,
  author={M. Bomben and A. Ducourthial and others},
     title          = "{Performance of active edge pixel sensors}",
      journal        = "JINST",
      volume         = "12",
      year           = "2017",
      number         = "05",
      pages          = "P05006",
      doi            = "10.1088/1748-0221/12/05/P05006",
}


	



@book{Shockley,
    title={Electrons And Holes In Semiconductors},
      author={Shockley, William},
        year={1950},
          publisher={D. Van Nostrand Company, Inc.}
}

@article{Amendolia,
      author         = "Amendolia, S. R. and others",
      title          = "{A Multielectrode Silicon Detector for High-energy
                        Physics Experiments}",
      journal        = "Nucl. Instrum. Meth.",
      volume         = "176",
      year           = "1980",
      pages          = "457",
      doi            = "10.1016/0029-554X(80)90368-7",
      reportNumber   = "PISA 80-2",
      SLACcitation   = "%%CITATION = NUIMA,176,457;%%"
}

@article{TURCHETTA,
title = "Spatial resolution of silicon microstrip detectors",
journal = "Nucl. Instr. and Meth. A",
volume = "335",
number = "1",
pages = "44 - 58",
year = "1993",
note = "",
issn = "0168-9002",
doi = "10.1016/0168-9002(93)90255-G",
author = "R. Turchetta",
}

@article{Aplin,
      author         = "Aplin, S. and Boronat, M. and Dannheim, D. and Duarte, J.
                        and Gaede, F. and Ruiz-Jimeno, A. and Sailer, A. and
                        Valentan, M. and Vila, I. and Vos, M.",
      title          = "{Forward tracking at the next $e^+e^-$ collider
                        part II: experimental challenges and detector design}",
      journal        = "JINST",
      volume         = "8",
      year           = "2013",
      pages          = "T06001",
      doi            = "10.1088/1748-0221/8/06/T06001",
      reportNumber   = "AIDA-PUB-2013-014",
}

@article{ShockleyPot,
      author         = "W. Shockley",
      title          = "{Currents to Conductors Induced by a Moving Point Charge}",
      year           = "1938",
      journal         = "Journal of Applied Physics",
volume="9",
pages="635",
}

@article{Ramo,
      author         = "S. Ramo",
      title          = "{Currents Induced by Electron Motion}",
      year           = "1939",
      journal         = "Proceedings of the IRE",
volume="27",
pages="584-585",
}

@article{HE2001250,
title = "Review of the Shockley-Ramo theorem and its application in semiconductor gamma-ray detectors",
journal = "Nucl. Instr. and Meth. A",
volume = "463",
number = "1",
pages = "250 - 267",
year = "2001",
doi = "10.1016/S0168-9002(01)00223-6",
author = "Zhong He",
}

@article{pdg,
      author         = "{Particle Data Group}",
      title          = "{The Review of Particle Physics}",
      year           = "2012",
journal        = "Phys. Rev.",
      volume         = "D86",
      pages="010001"
}


@article{Pixels,
title = "Si PIN Diode Array Hybrids for Charged Particle Detection",
journal = "Nucl. Instr. and Meth. A",
volume = "275",
pages = "580",
year = "1989",
author = "Shapiro, S.~L.",
doi = {10.1016/0168-9002(89)90747-X},
}


@article{Pixels2003,
title = "Pixel Detectors Hybridisation",
journal = "Nucl. Instr. and Meth. A",
volume = "501",
pages = "239",
year = "2003",
author = "Rossi, Leonardo",
doi = {10.1016/S0168-9002(02)02041-7},
}

@article{CLAUS2001120,
title = "Particle tracking using CMOS monolithic active pixel sensor",
journal = "Nucl. Instr. and Meth. A",
volume = "465",
number = "1",
pages = "120 - 124",
year = "2001",
note = "SPD2000",
issn = "0168-9002",
doi = "10.1016/S0168-9002(01)00368-0",
author = "G. Claus and C. Colledani and W. Dulinski and D. Husson and R. Turchetta and J.L. Riester and G. Deptuch and G. Orazi and M. Winter",
}

@article{BETTARINI2010942,
title = "The SLIM5 low mass silicon tracker demonstrator",
journal = "Nucl. Instr. and Meth. A",
volume = "623",
number = "3",
pages = "942 - 953",
year = "2010",
note = "",
issn = "0168-9002",
doi = {10.1016/j.nima.2010.08.026},
author = "S. Bettarini and others",
}


  	
@article{ReApsel,
  author={Valerio Re},
  title={Status and perspectives of deep N-well 130 nm CMOS MAPS},
  journal={Journal of Instrumentation},
  volume={4},
  number={03},
  pages={P03005},
  year={2009},
  doi = {10.1088/1748-0221/4/03/P03005},
  }
	
@misc{Garcia-Sciveres:2017ymt,
      author         = "Garcia-Sciveres, Maurice and Wermes, Norbert",
      title          = "{Advances in pixel detectors for experiments with high
                        rate and radiation}",
      year           = "2017",
      eprint         = "1705.10150",
      archivePrefix  = "arXiv",
      primaryClass   = "physics.ins-det",
      SLACcitation   = "%%CITATION = ARXIV:1705.10150;%%",
      url = {https://arxiv.org/abs/1705.10150},
}

@article{PARKER1997328,
title = "3D - A proposed new architecture for solid-state radiation detectors",
journal = "Nucl. Instr. and Meth. A",
volume = "395",
number = "3",
pages = "328 - 343",
year = "1997",
author = "S.I. Parker and C.J. Kenney and J. Segal",
doi = {10.1016/S0168-9002(97)00694-3},
}

@book{van1980mechanisms,
  title={Mechanisms of Radiation Effects in Electronic Materials},
  author={Van Lint, V.A.J.},
  number={v. 1},
  isbn={9780471041061},
  lccn={79009083},
  series={Mechanisms of Radiation Effects in Electronic Materials},
  url={https://books.google.fr/books?id=b\_K8AAAAIAAJ},
  year={1980},
  publisher={Wiley}
}

@article{MOLL2002100,
title = "Relation between microscopic defects and macroscopic changes in silicon detector properties after hadron irradiation",
journal = "Nucl. Instr. and Meth. A",
volume = "186",
number = "1",
pages = "100 - 110",
year = "2002",
note = "",
issn = "0168-583X",
doi = "10.1016/S0168-583X(01)00866-7",
author = "Moll, M. and Fretwurst, E. and Kuhnke, M. and Lindstr{\"o}m, G.",
}



  	
@article{Chilingarov_tscale,
  author={A Chilingarov},
  title={Temperature dependence of the current generated in Si bulk},
  journal={Journal of Instrumentation},
  volume={8},
  number={10},
  pages={P10003},
  doi = {10.1088/1748-0221/8/10/P10003},
  year={2013},
}
	


@PHDTHESIS{wunstors-thesis,
                author = "{R.~Wunstorf}",
                title="{Systematische Untersuchungen zur Strahlenresistenz von Silizium-Detektoren fuer die Verwendung in Hochenergiephysik-Experimenten}",
                school="Hamburg",
                year="1992",
                url = {https://cds.cern.ch/record/243081},
                 }

@Article{Li1992,
author="Li, Zheng
and Kraner, H. W.",
title="Fast neutron radiation damage effects on high resistivity silicon junction detectors",
journal="Journal of Electronic Materials",
year="1992",
month="Jul",
day="01",
volume="21",
number="7",
pages="701-705",
doi = {10.1007/BF02655599},
}

@ARTICLE{Chiochia2005,
  author={Chiochia, Vincenzo and others},
  journal={IEEE Transactions on Nuclear Science},
  title={Simulation of Heavily Irradiated Silicon Pixel Sensors and Comparison With Test Beam Measurements},
  year={2005},
  volume={52},
  number={4},
  pages={1067-1075},
  doi={10.1109/TNS.2005.852748},
  ISSN={0018-9499},
  month={Aug},
}

@article{bib:DP,
  author = {Eremin, Vladimir and others},
  title = {The origin of double peak electric field distribution in heavily irradiated silicon detectors},
  journal = {Nucl. Instr. and Meth. A},
  volume = {476},
  year = {2002},
  pages = {556-564},
  doi = { 10.1016/S0168-9002(01)01642-4},
}

@PHDTHESIS{weigell-thesis,
                author = "{P.~Weigell}",
                title="{Investigation of Properties of Novel Silicon Pixel Assemblies Employing Thin n-in-p Sensors and 3D-Integration}",
                school="Technische Universit{\"a}t M{\"u}nchen",
                year="2012"
                 }

@INPROCEEDINGS{1352079,
author={O. Krasel and C. Gossling and R. Klingenberg and S. Rajek and R. Wunstorf},
booktitle={2003 IEEE Nuclear Science Symposium. Conference Record (IEEE Cat. No.03CH37515)},
title={Measurement of trapping time constants in proton-irradiated silicon pad detectors},
year={2003},
volume={1},
pages={439-443 Vol.1},
month={Oct},}

@article{KRAMBERGER2002297,
title = "Effective trapping time of electrons and holes in different silicon materials irradiated with neutrons, protons and pions",
journal = {Nucl. Instr. and Meth. A},
volume = "481",
number = "1",
pages = "297 - 305",
year = "2002",
note = "",
author = "G Kramberger and V Cindro and I Mandi\v{c} and M Miku\v{z} and M Zavrtanik",
doi ={10.1016/S0168-9002(01)01263-3},
}

@article{KRAMBERGER2007762,
title = "Impact of annealing of trapping times on charge collection in irradiated silicon detectors",
journal = {Nucl. Instr. and Meth. A},
volume = "579",
number = "2",
pages = "762 - 765",
year = "2007",
issn = "0168-9002",
doi = "10.1016/j.nima.2007.05.294",
author = "G. Kramberger and V. Cindro and I. Mandi{\'c} and M. Miku{\v z}",
}

@misc{Baszczyk:2013xua,
      author         = "Baszczyk, M. and others",
      title          = "{SuperB Technical Design Report}",
      collaboration  = "SuperB",
      year           = "2013",
      eprint         = "1306.5655",
      archivePrefix  = "arXiv",
      primaryClass   = "physics.ins-det",
      reportNumber   = "INFN-13-01-PI, LAL-13-01, SLAC-R-1003",
      SLACcitation   = "%%CITATION = ARXIV:1306.5655;%%",
}

@article{Bona:2007qt,
      author         = "Bona, M. and others",
      title          = "{SuperB: A High-Luminosity Asymmetric e+ e- Super Flavor
                        Factory. Conceptual Design Report}",
      collaboration  = "SuperB",
      year           = "2007",
      eprint         = "0709.0451",
      archivePrefix  = "arXiv",
      primaryClass   = "hep-ex",
      reportNumber   = "SLAC-R-856, INFN-AE-07-02, LAL-07-15, INFN-AE-07-2",
      SLACcitation   = "%%CITATION = ARXIV:0709.0451;%%"
}


@INPROCEEDINGS{ILCVertexing2007,
author={Lipton, R.},
booktitle={16th International Workshop on Vertex Detectors (VERTEX2007)}, 
title={ILC Vertex detector issues and thoughts},
year={2007},
month={23-28 September},
note={PoS(Vertex 2007)036},
url ={http://pos.sissa.it//archive/conferences/057/036/Vertex\%202007\_036.pdf},
}

@INPROCEEDINGS{ILCVertexing2016,
author={Besson, A.},
booktitle={25th International Workshop on Vertex Detectors (VERTEX2016)}, 
title={The ILC Vertex Detector requirements},
year={2016},
month={25-30 September},
url = {https://pos.sissa.it/287/047/pdf},
}


@INPROCEEDINGS{DefectsVertexing2016,
author={Pintilie, I.},
booktitle={25th International Workshop on Vertex Detectors (VERTEX2016)}, 
title={Experimental techniques for defect characterization
of highly irradiated materials and structures},
year={2016},
month={25-30 September},
url ={https://pos.sissa.it/cgi-bin/reader/contribution.cgi?id=287/033},
}

@article{BOMBEN2010159,
title = "Highly segmented thin microstrip detector with data-driven fast readout",
volume = "623",
number = "1",
pages = "159 - 161",
year = "2010",
note = "1st International Conference on Technology and Instrumentation in Particle Physics",
issn = "0168-9002",
doi = "10.1016/j.nima.2010.02.181",
author = "Marco Bomben",
journal = {Nucl. Instr. and Meth. A},
}

@article{GLUCKSTERN1963381,
title = "Uncertainties in track momentum and direction, due to multiple scattering and measurement errors",
journal = "Nuclear Instruments and Methods",
volume = "24",
number = "",
pages = "381 - 389",
year = "1963",
note = "",
issn = "0029-554X",
doi = "10.1016/0029-554X(63)90347-1",
author = "Gluckstern, R.L.",

}

@article{Olive:2016xmw,
      author         = "Patrignani, C. and others",
      title          = "{Review of Particle Physics}",
      collaboration  = "Particle Data Group",
      journal        = "Chin. Phys.",
      volume         = "C40",
      year           = "2016",
      number         = "10",
      pages          = "100001",
      doi            = "10.1088/1674-1137/40/10/100001",
      SLACcitation   = "%%CITATION = CHPHD,C40,100001;%%"
}


@article{Potamianos:2016ptf,
      author         = "Potamianos, Karolos",
      title          = "{The upgraded Pixel detector and the commissioning of the
                        Inner Detector tracking of the ATLAS experiment for Run-2
                        at the Large Hadron Collider}",
      booktitle      = "{Proceedings,  2015 European Physical Society Conference
                        on High Energy Physics (EPS-HEP 2015): Vienna, Austria,
                        July 22-29, 2015}",
      journal        = "PoS",
      volume         = "EPS-HEP2015",
      year           = "2015",
      pages          = "261",
      eprint         = "1608.07850",
      archivePrefix  = "arXiv",
      primaryClass   = "physics.ins-det",
      reportNumber   = "ATL-PHYS-PROC-2016-104",
      SLACcitation   = "%%CITATION = ARXIV:1608.07850;%%",
      url = {https://cds.cern.ch/record/2209070/files/ATL-PHYS-PROC-2016-104.pdf},
}


@misc{Slim5:proj, 
    authors = "{SLIM5 Collaboration}",
    title = "{Silicon detectors with low interaction with material}",
    url = {http://www.pi.infn.it/slim5/},
}

@misc{BaBarSVTreview, 
    authors = "{BaBar collaboration}",
    title = "{Technical Review of BaBar Improvement Plans}",
    url = {https://www.slac.stanford.edu/BFROOT/www/Organization/Gilchriese/},
}

@misc{INFN_V, 
    title = "{INFN National Scientific Committee 5}",
    url =             {https://web.infn.it/csn5/index.php/en/} ,
}

@article{RIZZO2010585,
title = "The superB silicon vertex tracker",
journal = "Nuclear Instruments and Methods",
volume = "617",
number = "1",
pages = "585 - 587",
year = "2010",
note = "11th Pisa Meeting on Advanced Detectors",
issn = "0168-9002",
doi = "10.1016/j.nima.2009.10.051",
author = "G. Rizzo and others",
}

@misc{ILCTDR,
  title="ILC Technical Design Report",
  year="2013",
  url          =    {https://www.linearcollider.org/ILC/Publications/Technical-Design-Report} ,
}

@misc{SIDLOI,
  title="SiD Letter of Intent",
  year="2010",
  collaboration={The SiD concept group},
  url         ={     http://arxiv.org/abs/0911.0006} ,
}

@misc{ILDLOI,
  title="International Large Detector Letter Of Intent",
  collaboration={The ILD concept group},
  year="2010",
          url =     {http://arxiv.org/abs/1006.3396} ,
}

@article{Turchetta:2001dy,
      author         = "Turchetta, R. and others",
      title          = "{A monolithic active pixel sensor for charged particle
                        tracking and imaging using standard VLSI CMOS technology}",
      journal        = "Nucl. Instrum. Meth.",
      volume         = "A458",
      year           = "2001",
      pages          = "677-689",
      doi            = "10.1016/S0168-9002(00)00893-7",
      SLACcitation   = "%%CITATION = NUIMA,A458,677;%%"
}

@article{NERI2010195,
      journal        = "Nucl. Instrum. Meth.",
title = "Deep n-well MAPS in a 130nm CMOS technology: Beam test results",
volume = "623",
number = "1",
pages = "195 - 197",
year = "2010",
note = "1st International Conference on Technology and Instrumentation in Particle Physics",
issn = "0168-9002",
doi = "10.1016/j.nima.2010.02.193",
author = "Neri, N. and others",
}

@article{Ratti:2006zz,
      author         = "Ratti, L.",
      title          = "{Continuous Time-Charge Amplification and Shaping in CMOS
                        Monolithic Sensors for Particle Tracking}",
      journal        = "IEEE Trans. Nucl. Sci.",
      volume         = "53",
      year           = "2006",
      pages          = "3918-3928",
      doi            = "10.1109/TNS.2006.886048",
      SLACcitation   = "%%CITATION = IETNA,53,3918;%%"
}

@article{Re:2006zw,
      author         = "Re, V. and Manghisoni, M. and Ratti, L. and Hoff, J. and
                        Mekkaoui, A. and Yarema, R.",
      title          = "{FSSR2, a self-triggered low noise readout chip for
                        silicon strip detectors}",
      booktitle      = "{Real time. Proceedings, 14th Conference on Computing
                        Applications in Nuclear and Plasma Sciences, RT2005,
                        Stockholm, Sweden, June 4-10, 2005}",
      journal        = "IEEE Trans. Nucl. Sci.",
      volume         = "53",
      year           = "2006",
      pages          = "2470-2476",
      doi            = "10.1109/TNS.2006.877858",
      SLACcitation   = "%%CITATION = IETNA,53,2470;%%"
}

@article{Balestri:2013cwa,
      author         = "Balestri, G. and others",
      title          = "{Latest results of the R\&D on CMOS MAPS for the Layer0
                        of the SuperB SVT}",
      booktitle      = "{Proceedings, 13th Vienna Conference on Instrumentation
                        (VCI 2013): Vienna, Austria, February 11-15, 2013}",
      journal        = "Nucl. Instrum. Meth.",
      volume         = "A732",
      year           = "2013",
      pages          = "484-487",
      doi            = "10.1016/j.nima.2013.05.170",
      SLACcitation   = "%%CITATION = NUIMA,A732,484;%%"
}

@article{Rizzo:2013aza,
      author         = "Rizzo, G. and others",
      title          = "{Recent developments on CMOS MAPS for the SuperB Silicon
                        Vertex Tracker}",
      booktitle      = "{Proceedings, 12th Pisa Meeting on Advanced Detectors: La
                        Biodola, Isola d'Elba, Italy, May 20-26, 2012}",
      journal        = "Nucl. Instrum. Meth.",
      volume         = "A718",
      year           = "2013",
      pages          = "283-287",
      doi            = "10.1016/j.nima.2012.10.084",
      SLACcitation   = "%%CITATION = NUIMA,A718,283;%%"
}

@phdthesis{dinu:tel-00872318,
  TITLE = {{Instrumentation on silicon detectors: from properties characterization to applications}},
  AUTHOR = {Dinu, N.},
  URL = {https://tel.archives-ouvertes.fr/tel-00872318},
  HAL_LOCAL_REFERENCE = {LAL 13-192},
  SCHOOL = {{Universit{\'e} Paris Sud - Paris XI}},
  YEAR = {2013},
  MONTH = Oct,
  KEYWORDS = {arrays ; temperature dependence ; small animal PET ; intra-operative gamma imaging ; TCAD simulations ; doping profiles ; GM-APD ; SiPM ; matrices des SiPM ; d{\'e}pendance en temp{\'e}rature ; TEP petits animaux ; imageur gamma intra-op{\'e}rative ; PPS ; ATLAS ; LHC ; simulations TCAD ; profils de dopage ; SIMS ; SRP},
  TYPE = {Habilitation {\`a} diriger des recherches},
  PDF = {https://tel.archives-ouvertes.fr/tel-00872318/file/HDR_Dinu.pdf},
  HAL_ID = {tel-00872318},
  HAL_VERSION = {v1},
}

@misc{CISSIMDET2014,
  title = "The application of Silvaco process and device simulation 
program to the development of silicon detector for the 
high energy particle detection",
  year="2014",
  author="Li Long",
  url          =      {https://indico.in2p3.fr/event/9786/session/2/contribution/7/material/slides/1.pdf },
  note = "In SIM-d\'etecteurs 2014",
}

@misc{SIMS,
  title = "Depth profiles of P and B concentrations in silicon",
  year = "2010",
  note = "European Integrated Activity of Excellence and Networking for Nano and Micro-Electronics Analysis",
  author = "M. Barozzi",
}

@article{Lari:2001qqa,
      author         = "Lari, T.",
      title          = "{Lorentz angle variation with electric field for ATLAS
                        silicon detectors}",
      year           = "2001",
      reportNumber   = "ATL-INDET-2001-004, ATL-COM-INDET-2001-005,
                        CERN-ATL-INDET-2001-004",
      SLACcitation   = "%%CITATION = ATL-INDET-2001-004;%%",
      url = {https://cds.cern.ch/record/684187},
}

@techreport{Henrich:687041,
      author        = "Henrich, Beat and Bertl, Willi and Gabathuler, Kurt and
                       Horisberger, Roland",
      title         = "{Depth Profile of Signal Charge Collected in Heavily
                       Irradiated Silicon Pixels}",
      institution   = "CERN",
      address       = "Geneva",
      number        = "CMS-NOTE-1997-021",
      month         = "Apr",
      year          = "1997",
      reportNumber  = "CMS-NOTE-1997-021",
      url           = "http://cds.cern.ch/record/687041",
}

@misc{bomben_rd50_Torino,
  author = "Bomben, Marco",
  year = "2016",
  title = "Radiation damage models: comparison between Silvaco and Synopsys",
  note = "In 28th RD50 Workshop",
  address = "Torino",
  url = {https://agenda.infn.it/contributionDisplay.py?contribId=3&confId=11109},
}

@article{SLOTBOOM1977279,
title = "The pn-product in silicon",
journal = "Solid-State Electronics",
volume = "20",
number = "4",
pages = "279 - 283",
year = "1977",
note = "",
issn = "0038-1101",
doi = "10.1016/0038-1101(77)90108-3",
author = "Slotboom, J~W",

}

@article{CALZOLARI19721003,
title = "A theoretical investigation on the generation current in silicon p-n junctions under reverse bias",
journal = "Solid-State Electronics",
volume = "15",
number = "9",
pages = "1003 - 1011",
year = "1972",
note = "",
issn = "0038-1101",
doi = "10.1016/0038-1101(72)90143-8",
author = "P.U. Calzolari and S. Graffi",

}

@misc{SilvacoAtlas, 
    authors = "{Silvaco}",
    title = "{Atlas User's Manual - DEVICE SIMULATION SOFTWARE}",
    url         =     {https://www.silvaco.com/products/tcad/device_simulation/atlas/atlas.html} ,
}

@ARTICLE{Passeri2001,
author={Passeri, D. and Ciampolini, P. and Bilei, G. M. and Moscatelli, F.},
journal={IEEE Transactions on Nuclear Science},
title={Comprehensive modeling of bulk-damage effects in silicon radiation detectors},
year={2001},
volume={48},
number={5},
pages={1688-1693},
doi={10.1109/23.960358},
ISSN={0018-9499},
month={Oct},}

@article{Pennicard:2008zz,
      author         = "Pennicard, D. and Fleta, C. and Bates, R. and O'Shea, V.
                        and Parkes, C. and Pellegrini, G. and Tartoni, N.",
      title          = "{Simulations of radiation-damaged 3D detectors for the
                        Super-LHC}",
      journal        = "Nucl. Instrum. Meth.",
      volume         = "A592",
      year           = "2008",
      pages          = "16-25",
      doi            = "10.1016/j.nima.2008.03.100",
      SLACcitation   = "%%CITATION = NUIMA,A592,16;%%"
}

@article{CHIOCHIA2006,
title = "A double junction model of irradiated silicon pixel sensors for LHC",
journal = "Nucl. Instr. and Meth. A",
volume = "568",
number = "1",
pages = "51 - 55",
year = "2006",
note = "New Developments in Radiation Detectors",
issn = "0168-9002",
doi = "10.1016/j.nima.2006.05.199",
author = {Chiochia, V and others},
}

@article{dalal2014simulation,
  title={Simulation of irradiated Si detectors},
  author={Dalal, Ranjeet and Bhardwaj, Ashutosh and Ranjan, Kirti and Lalwani, Kavita and Jain, Geetika},
  journal={PoS (Vertex2014)},
  volume={30},
  year={2014},
  url = {http://pos.sissa.it/archive/conferences/227/030/Vertex2014\_030.pdf},
}

@ARTICLE{Passeri1998,
author={D. Passeri and M. Baroncini and P. Ciampolini and G. M. Bilei and A. Santocchia and B. Checcucci and E. Fiandrini},
journal={IEEE Transactions on Nuclear Science},
title={TCAD-based analysis of radiation-hardness in silicon detectors},
year={1998},
volume={45},
number={3},
pages={602-608},
doi={10.1109/23.682456},
ISSN={0018-9499},
month={Jun},
}

@article{Macchiolo:2016xzi,
      author         = "Macchiolo, Anna and Nisius, Richard and Savic, Natascha
                        and Terzo, Stefano",
      title          = "{Development of n-in-p pixel modules for the ATLAS
                        Upgrade at HL-LHC}",
      booktitle      = "{Proceedings, 10th International 'Hiroshima' Symposium on
                        the Development and Application of Semiconductor Tracking
                        Detectors (HSTD-10): Xian, China, September 25-29, 2015}",
      journal        = "Nucl. Instrum. Meth.",
      volume         = "A831",
      year           = "2016",
      pages          = "111-115",
      doi            = "10.1016/j.nima.2016.03.081",
}


@misc{bomben_rd50_Santander,
  author = "Savic, N. and Bomben, M and Macchiolo, A and Nisius, R and Terzo, S",
  year = "2015",
  title = "Investigation of hit efficiency of n-in-p pixels with different designs",
  note = "In 26th RD50 Workshop",
  address = "Santander",
  url          =     {https://indico.cern.ch/event/381195/contributions/905636/} ,
}

@article{Plehn:2009nd,
      author         = "Plehn, Tilman",
      title          = "{Lectures on LHC Physics}",
      journal        = "Lect. Notes Phys.",
      volume         = "844",
      year           = "2012",
      pages          = "1-193",
      doi            = "10.1007/978-3-642-24040-9",
      eprint         = "0910.4182",
      archivePrefix  = "arXiv",
      primaryClass   = "hep-ph",
      SLACcitation   = "%%CITATION = ARXIV:0910.4182;%%"
}


@article{CMSDetector,
  title          = "{The CMS Experiment at the CERN LHC}",
      collaboration  = "CMS",
      journal        = "JINST",
      volume         = "3",
      year           = "2008",
      pages          = "S08004",
      doi            = "10.1088/1748-0221/3/08/S08004",
}

@misc{CMSHtautau2017,
author = "CMS Collaboration",
      title          = "{Observation of the Higgs boson decay to a pair of tau
                        leptons}",
      collaboration  = "CMS",
      year           = "2017",
      eprint         = "1708.00373",
      archivePrefix  = "arXiv",
      primaryClass   = "hep-ex",
      reportNumber   = "CMS-HIG-16-043, CERN-EP-2017-181",
      SLACcitation   = "%%CITATION = ARXIV:1708.00373;%%",
}


@misc{ATLASHbb2017,
     author         = "Aaboud, Morad and others",
      title          = "{Evidence for the $H \to b\bar{b}$ decay with the ATLAS
                        detector}",
      collaboration  = "ATLAS",
      year           = "2017",
      eprint         = "1708.03299",
      archivePrefix  = "arXiv",
      primaryClass   = "hep-ex",
      reportNumber   = "CERN-EP-2017-175",
      SLACcitation   = "%%CITATION = ARXIV:1708.03299;%%",
}

@misc{ATLASHmumu2017,
      title         = "{Search for the dimuon decay of the Higgs boson in $pp$
                       collisions at $\sqrt{s}$ = 13 TeV with the ATLAS detector}",
      institution   = "CERN",
      collaboration = "ATLAS Collaboration",
      address       = "Geneva",
      number        = "ATLAS-CONF-2017-014",
      month         = "Mar",
      year          = "2017",
      reportNumber  = "ATLAS-CONF-2017-014",
     url =             {https://cds.cern.ch/record/2257726} ,
}


  	
@article{LHCMachine,
  author={Lyndon Evans and Philip Bryant},
  title={LHC Machine},
  journal={Journal of Instrumentation},
  volume={3},
  number={08},
  pages={S08001},
  year={2008}, 
  doi = {10.1088/1748-0221/3/08/S08001},
}
	
@article{ATLASParticleFlow,
      author         = "Aaboud, Morad and others",
      title          = "{Jet reconstruction and performance using particle flow
                        with the ATLAS Detector}",
      collaboration  = "ATLAS",
      journal        = "Eur. Phys. J.",
      volume         = "C77",
      year           = "2017",
      number         = "7",
      pages          = "466",
      doi            = "10.1140/epjc/s10052-017-5031-2",
      reportNumber   = "CERN-EP-2017-024",
}

@article{Weiglein:2004hn,
      author         = "Weiglein, G. and others",
      title          = "{Physics interplay of the LHC and the ILC}",
      collaboration  = "LHC/LC Study Group",
      journal        = "Phys. Rept.",
      volume         = "426",
      year           = "2006",
      pages          = "47-358",
      doi            = "10.1016/j.physrep.2005.12.003",
      reportNumber   = "SLAC-PUB-10764, ANL-HEP-PR-04-108, CERN-PH-TH-2004-214,
                        DCPT-04-134, DESY-04-206, IFIC-04-59, IISC-CHEP-13-04,
                        IPPP-04-67, UB-ECM-PF-04-31, UCD-04-28, UCI-TR-2004-37",
}

@misc{ATLASLumi,
  collaboration = {ATLAS},
  title = "Delivered Luminosity versus time for 2011-2017",
  url         =     {https://twiki.cern.ch/twiki/bin/view/AtlasPublic/LuminosityPublicResultsRun2\#Multiple_Year_Collision_Plots} ,
  note = "[Online; accessed 11-August-2017]",
 }

@misc{ATL-PHYS-PUB-2015-022,
  collaboration = {ATLAS},
      title         = "{Expected performance of the ATLAS $b$-tagging algorithms
                       in Run-2}",
      institution   = "CERN",
      address       = "Geneva",
      number        = "ATL-PHYS-PUB-2015-022",
      month         = "Jul",
      year          = "2015",
      reportNumber  = "ATL-PHYS-PUB-2015-022",
      url =               {https://cds.cern.ch/record/2037697} ,
}

@article{AtlasTrigger2015,
      author         = "Aaboud, Morad and others",
      title          = "{Performance of the ATLAS Trigger System in 2015}",
      collaboration  = "ATLAS",
      journal        = "Eur. Phys. J.",
      volume         = "C77",
      year           = "2017",
      number         = "5",
      pages          = "317",
      doi            = "10.1140/epjc/s10052-017-4852-3",
      reportNumber   = "CERN-EP-2016-241",
}

@misc{FTKTDR,
      author         = "Shochet, M. and Tompkins, L. and Cavaliere, V. and
                        Giannetti, P. and Annovi, A. and Volpi, G.",
      title          = "{Fast TracKer (FTK) Technical Design Report}",
      year           = "2013",
      reportNumber   = "CERN-LHCC-2013-007, ATLAS-TDR-021",
      SLACcitation   = "%%CITATION = CERN-LHCC-2013-007;%%",
      url =                 {https://cds.cern.ch/record/1552953} ,
}

@article{BACKHAUS201665,
title = "The upgraded Pixel Detector of the ATLAS Experiment for Run 2 at the Large Hadron Collider",
journal = "Nucl. Instr. and Meth. A",
volume = "831",
number = "",
pages = "65 - 70",
year = "2016",
note = "Proceedings of the 10th International Hiroshima Symposium on the Development and Application of Semiconductor Tracking Detectors",
issn = "0168-9002",
doi = "10.1016/j.nima.2016.05.018",
author = "Backhaus, M",
}

@article{LARI2004349,
title = "Measurement of trapping time constants in irradiated DOFZ silicon with test beam data",
journal = "Nucl. Instr. and Meth. A",
volume = "518",
number = "1",
pages = "349 - 351",
year = "2004",
note = "Frontier Detectors for Frontier Physics: Proceedin",
issn = "0168-9002",
doi = "10.1016/j.nima.2003.11.019",
author = "Lari, T.",

}

@misc{HL_LHC,
  url =              {http://hilumilhc.web.cern.ch/about/hl-lhc-project} ,
  title = "{The HL-LHC project}",
}

@misc{ATLASIDTDR,
      author        = "Haywood, S and Rossi, L and Nickerson, R and Romaniouk, A",
      title         = "{ATLAS inner detector: Technical Design Report, 2}",
      publisher     = "CERN",
      collaboration = "ATLAS Collaboration",
      address       = "Geneva",
      series        = "Technical Design Report ATLAS",
      year          = "1997",
      url =             {https://cds.cern.ch/record/331064 },
}

@misc{Lindstrom:421210,
      author        = "Lindstr{\"o}m, G and Watts, S and Lemeilleur, F",
      title         = "{3rd RD48 status report: the ROSE collaboration (R\&D
                       on silicon for future experiments)}",
      institution   = "CERN",
      collaboration = "ROSE Collaboration",
      address       = "Geneva",
      number        = "CERN-LHCC-2000-009",
      month         = "Dec",
      year          = "1999",
      url =             {https://cds.cern.ch/record/421210} ,
}

@article{LINDSTROM200160,
title = "Developments for radiation hard silicon detectors by defect engineering - results by the CERN RD48 (ROSE) Collaboration",
      journal        = "Nucl. Instrum. Meth. A",
volume = "465",
number = "1",
pages = "60 - 69",
year = "2001",
note = "SPD2000",
issn = "0168-9002",
doi = "10.1016/S0168-9002(01)00347-3",
author = "Lindstr{\"o}m, G and others",
}

@article{LaRosa:2014vta,
      author         = "La Rosa, Alessandro",
      title          = "{ATLAS Pixel Detector: Operational Experience and Run-1
                        to Run-2 Transition}",
      booktitle      = "{Proceedings, 23rd International Workshop on Vertex
                        Detectors (Vertex 2014): Doksy, Czech Republic, September
                        15-19, 2014}",
      collaboration  = "ATLAS",
      journal        = "PoS",
      volume         = "Vertex2014",
      year           = "2015",
      pages          = "001",
      eprint         = "1410.6347",
      archivePrefix  = "arXiv",
      primaryClass   = "physics.ins-det",
      reportNumber   = "ATL-INDET-PROC-2014-007",
      SLACcitation   = "%%CITATION = ARXIV:1410.6347;%%"
}

@article{Altenheiner:2012zz,
      author         = "Altenheiner, S. and Gossling, C. and Jentzsch, J. and
                        Klingenberg, R. and Lapsien, T. and Muenstermann, D. and
                        Rummler, A. and Troska, G. and Wittig, T.",
      title          = "{Planar slim-edge pixel sensors for the ATLAS upgrades}",
      booktitle      = "{Position sensitive detectors. Proceedings, 9th
                        International Conference, PSD9, Aberystwyth, UK, September
                        12-16, 2011}",
      journal        = "JINST",
      volume         = "7",
      year           = "2012",
      pages          = "C02051",
      doi            = "10.1088/1748-0221/7/02/C02051",
      SLACcitation   = "%%CITATION = JINST,7,C02051;%%"
}


@misc{AtlasVertexing2009,
author={Keil, M.},
booktitle={18th International Workshop on Vertex Detectors (VERTEX2009)}, 
title={ATLAS Pixel Detector: Running Experience},
year={2009},
month={13-18 September},
note={PoS(Vertex 2009)001},
url =             {https://pos.sissa.it/archive/conferences/095/001/VERTEX\%202009_001.pdf} ,
}

@misc{AtlasVertexing2012,
author="Kocian, M",
title="ATLAS Pixel, Phase 0 (IBL)",
booktitle={21st International Workshop on Vertex Detectors (VERTEX2012)},
year={2012},
month={16-21 September},
note={PoS(Vertex 2012)035},
url =             {https://pos.sissa.it/archive/conferences/167/035/Vertex\%202012_035.pdf} ,
}

@PHDTHESIS{WittigPHD,
  author="Wittig, T", 
  title = "Slim Edge Studies, Design and Quality Control of Planar ATLAS IBL Pixel Sensors",
  year = "2013",
  school = "University of Dortmund",
   url = {https://inis.iaea.org/search/search.aspx?orig\_q=RN:47053488},
}
@article{Darbo:2014kma,
      author         = "Darbo, G.",
      title          = "{Experience on 3D Silicon Sensors for ATLAS IBL}",
      booktitle      = "{Proceedings, 7th International Workshop on Semiconductor
                        Pixel Detectors for Particles and Imaging (PIXEL 2014):
                        Niagara Falls, Ontario, Canada, September 1-5, 2014}",
      collaboration  = "ATLAS",
      journal        = "JINST",
      volume         = "10",
      year           = "2015",
      number         = "05",
      pages          = "C05001",
      doi            = "10.1088/1748-0221/10/05/C05001",
      reportNumber   = "ATL-INDET-PROC-2014-017",
}

@article{Aad:2010ah,
      title          = "{The ATLAS Simulation Infrastructure}",
      collaboration = "ATLAS",
      journal        = "Eur. Phys. J.",
      volume         = "C70",
      year           = "2010",
      pages          = "823-874",
      doi            = "10.1140/epjc/s10052-010-1429-9",
      SLACcitation   = "%%CITATION = ARXIV:1005.4568;%%"
}


@misc{ATL-PHYS-PUB-2016-025,
      title         = "{Expected Performance of the ATLAS Inner Tracker at the
                       High-Luminosity LHC}",
      institution   = "CERN",
      collaboration = "ATLAS",
      journal        = "ATL-PHYS-PUB-2016-025",
      year          = "2016",
      reportNumber  = "ATL-PHYS-PUB-2016-025",
      url =               {https://cds.cern.ch/record/2222304} ,
}

@ARTICLE{Oldham,
author={T. R. Oldham and F. B. McLean},
journal={IEEE Transactions on Nuclear Science},
title={Total ionizing dose effects in MOS oxides and devices},
year={2003},
volume={50},
number={3},
pages={483-499},
doi={10.1109/TNS.2003.812927},
ISSN={0018-9499},
month={June},}


@article{astm,
      author        = "{ASTM Subcommittee E10-07 on Radiation Dosimetry for Radiation Effects on Materials and Devices}",
      title         = "{Standard Practice for Characterizing Neutron Energy Fluence Spectra in Terms of an Equivalent Monoenergetic Neutron Fluence for Radiation-Hardness Testing for Electronics}",
      journal       = "E",
      volume        = "772-94",
      pages         = "1-16",
      year          = "1994",
      doi ={10.1520/E0722-14},
}

@Article{Sjostrand:2006za,
     author    = "Sj{\"o}strand, Torbjorn and Mrenna, Stephen and Skands, Peter
                  Z.",
     title     = "{PYTHIA 6.4 Physics and Manual}",
     journal   = "JHEP",
     volume    = "05",
     year      = "2006",
     pages     = "026",
     doi       = "10.1088/1126-6708/2006/05/026",
     SLACcitation  = "%%CITATION = HEP-PH/0603175;%%"
}

@article{Sjostrand:2014zea,
      author         = "Sj{\"o}strand, Torbjorn and Ask, Stefan and Christianss
en,
                        Jesper R. and Corke, Richard and Desai, Nishita and Ilten,
                        Philip and Mrenna, Stephen and Prestel, Stefan and
                        Rasmussen, Christine O. and Skands, Peter Z.",
      title          = "{An Introduction to PYTHIA 8.2}",
      journal        = "Comput. Phys. Commun.",
      volume         = "191",
      year           = "2015",
      pages          = "159",
      doi            = "10.1016/j.cpc.2015.01.024",
      reportNumber   = "LU-TP-14-36, MCNET-14-22, CERN-PH-TH-2014-190,
                        FERMILAB-PUB-14-316-CD, DESY-14-178, SLAC-PUB-16122,
                        --FERMILAB-PUB-14-316-CD",
      SLACcitation   = "%%CITATION = ARXIV:1410.3012;%%"
}

@article{Martin:2009iq,
        author = {Martin, A. D. and others},
        journal        = "Eur. Phys. J. ",
        volume         = "C63",
        pages          = "189",
        title  ="{Parton distributions for the LHC}",
        year = "2009",
       eprint         = "arXiv:0901.0002",
       archivePrefix  = "arXiv",
     primaryClass   = "hep-ph"
} 

@misc{ATLAS:2012uec,
      title          = "{Summary of ATLAS Pythia 8 tunes}",
      collaboration  = "ATLAS",
      year           = "2012",
      reportNumber   = "ATL-PHYS-PUB-2012-003, ATL-COM-PHYS-2012-738",
      SLACcitation   = "%%CITATION = ATL-PHYS-PUB-2012-003;%%",
      url =               {https://cds.cern.ch/record/1474107},
}

@book{Ferrari:898301,
      author        = "Ferrari, A and Sala, Paola R and Fass{\`o}, A and Ranft,
                       Johannes",
      title         = "{FLUKA: A multi-particle transport code (program version
                       2005)}",
      publisher     = "CERN",
      address       = "Geneva",
      year          = "2005",
      url           = "https://cds.cern.ch/record/898301",
}

@article{Battistoni:2007zzb,
      author         = "Battistoni, Giuseppe and Muraro, S. and Sala, Paola R.
                        and Cerutti, Fabio and Ferrari, A. and Roesler, Stefan and
                        Fasso, A. and Ranft, J.",
      title          = "{The FLUKA code: Description and benchmarking}",
      booktitle      = "{Proceedings, Hadronic Shower Simulation Workshop:
                        Batavia, ILL, September 6-8, 2006}",
      journal        = "AIP Conf. Proc.",
      volume         = "896",
      year           = "2007",
      pages          = "31-49",
      doi            = "10.1063/1.2720455",
      note           = "[,31(2007)]",
      reportNumber   = "SLAC-REPRINT-2007-184",
      SLACcitation   = "%%CITATION = APCPC,896,31;%%"
}

@misc{Baranov:814823,
      author        = "Baranov, S and others",
      title         = "{Estimation of Radiation Background, Impact on Detectors,
                       Activation and Shielding Optimization in ATLAS}",
      year          = "2005",
      article  = "ATL-GEN-2005-001",
      url =               {https://cds.cern.ch/record/814823} ,
}

@article{Aaboud:2016hhf,
      author         = "Aaboud, Morad and others",
      title          = "{Luminosity determination in pp collisions at $\sqrt{s}$
                        = 8 TeV using the ATLAS detector at the LHC}",
      collaboration  = "ATLAS",
      journal        = "Eur. Phys. J.",
      volume         = "C76",
      year           = "2016",
      number         = "12",
      pages          = "653",
      doi            = "10.1140/epjc/s10052-016-4466-1",
      reportNumber   = "CERN-EP-2016-117",
}

@misc{vanderMeer:296752,
      author        = "van der Meer, S",
      title         = "{Calibration of the effective beam height in the ISR}",
      institution   = "CERN",
      address       = "Geneva",
      number        = "CERN-ISR-PO-68-31. ISR-PO-68-31",
      year          = "1968",
      url =               {https://cds.cern.ch/record/296752} ,
}


@article{Swartz:2005vp,
      author         = "Swartz, M. and others",
      title          = "{Observation, modeling, and temperature dependence of
                        doubly peaked electric fields in irradiated silicon pixel
                        sensors}",
      booktitle      = "{Proceedings,  3rd International Workshop on
                        Semiconductor Pixel Detectors for Particles and Imaging
                        (PIXEL 2005): Bonn, Germany, September 5-8, 2005}",
      journal        = "Nucl. Instrum. Meth.",
      volume         = "A565",
      year           = "2006",
      pages          = "212-220",
      doi            = "10.1016/j.nima.2006.05.002",
      eprint         = "physics/0510040",
      archivePrefix  = "arXiv",
      primaryClass   = "physics",
      SLACcitation   = "%%CITATION = PHYSICS/0510040;%%"
}

@article{Chiochia:2004qh,
      author         = "Chiochia, Vincenzo and others",
      title          = "{Simulation of heavily irradiated silicon pixel sensors
                        and comparison with test beam measurements}",
      journal        = "IEEE Trans. Nucl. Sci.",
      volume         = "52",
      year           = "2005",
      pages          = "1067-1075",
      doi            = "10.1109/TNS.2005.852748",
      SLACcitation   = "%%CITATION = PHYSICS/0411143;%%"
}

@article{Swartz2002,
      collaboration        = "M. Swartz",
      title         = "{A Detailed Simulation of the CMS Pixel Sensor}",
      year          = "2002",
      journal  = "CMS NOTE 2002/027",
      pages="[\href{http://cmsdoc.cern.ch/documents/02/note02_027.pdf}{cmsdoc.cern.ch:note02\_027}]",
}
@article{Contardo:2020886,
      collaboration        = "CMS",
      title         = "{Technical Proposal for the Phase-II Upgrade of the CMS
                       Detector}",
      year          = "2015",
      journal  = "CERN-LHCC-2015-010",
      pages="[\href{https://cds.cern.ch/record/2020886}{cds.cern.ch:2020886}]",
}

@article{Agostinelli:2002hh,
      author         = "{{GEANT4} Collaboration}",
      title          = "{GEANT4: A Simulation toolkit}",
      collaboration  = "GEANT4",
      journal        = "Nucl. Instrum. Meth.",
      volume         = "A506",
      pages          = "250-303",
      doi            = "10.1016/S0168-9002(03)01368-8",
      year           = "2003",
      reportNumber   = "SLAC-PUB-9350, FERMILAB-PUB-03-339",
      SLACcitation   = "%%CITATION = NUIMA,A506,250;%%",
}

@article{Bichsel:1988if,
      author         = "Bichsel, H.",
      title          = "{Straggling in Thin Silicon Detectors}",
      journal        = "Rev. Mod. Phys.",
      volume         = "60",
      year           = "1988",
      pages          = "663-699",
      doi            = "10.1103/RevModPhys.60.663",
      SLACcitation   = "%%CITATION = RMPHA,60,663;%%"
}

@article{Barney:1709387,
      author        = "Barney, D and Guthoff, M and Qin, G and Tzeng, Y.M and
                       Peisert, A and Honma, A and Li, S.W",
      title         = "{Measurement of the bulk leakage current of silicon
                       sensors of the CMS preshower after an integrated luminosity
                       of 6.17 fb$^{-1}$, at $\sqrt{s}$ = 7 TeV}",
      journal       = "J. Instrum.",
      collaboration = "CMS Collaboration",
      volume        = "8",
      pages         = "P02004",
      year          = "2013",
      url           = "https://cds.cern.ch/record/1709387",
}

@misc{ATL-INDET-PUB-2014-006,
      title         = "{ATLAS Pixel IBL: Stave Quality Assurance}",
      institution   = "CERN",
      address       = "Geneva",
      number        = "ATL-INDET-PUB-2014-006",
      month         = "Sep",
      year          = "2014",
      reportNumber  = "ATL-INDET-PUB-2014-006",
      url           =      {https://cds.cern.ch/record/1754509} ,
}


@ARTICLE{7542192,
  author={F. Moscatelli and D. Passeri and A. Morozzi and R. Mendicino and G. F. Dalla Betta and G. M. Bilei},
  journal={IEEE Transactions on Nuclear Science},
  title={Combined Bulk and Surface Radiation Damage Effects at Very High Fluences in Silicon Detectors: Measurements and TCAD Simulations},
  year={2016},
  volume={63},
  number={5},
  pages={2716-2723},
  doi={10.1109/TNS.2016.2599560},
  ISSN={0018-9499},
}

@ARTICLE{1710302,
  author={M. Petasecca and F. Moscatelli and D. Passeri and G. U. Pignatel},
  journal={IEEE Transactions on Nuclear Science},
  title={Numerical Simulation of Radiation Damage Effects in p-Type and n-Type FZ Silicon Detectors},
  year={2006},
  volume={53},
  number={5},
  pages={2971-2976},
  doi={10.1109/TNS.2006.881910},
  ISSN={0018-9499},
}

@article{LUTZ1996,
  title = "Effects of deep level defects in semiconductor detectors",
      journal        = "Nucl. Instrum. Meth.",
  volume = "A377",
  number = "2",
  pages = "234 - 243",
  year = "1996",
  note = "",
  issn = "0168-9002",
  doi = "10.1016/0168-9002(96)00025-3",
  author = "G. Lutz",

}

@article{JACOBONI197777,
title = "A review of some charge transport properties of silicon",
journal = "Solid-State Electronics",
volume = "20",
pages = "77 - 89",
year = "1977",
note = "",
issn = "0038-1101",
doi = "10.1016/0038-1101(77)90054-5",
author = "C. Jacoboni and others",

}

@article{hall1,
      author         = "I. G. Kirnas and others",
      title          = "{Concentration dependence of the hall factor in n-type silicon}",
      year           = "1974",
      journal         = "Phys. Stat. Sol.",
      volume = "A23",
      pages="K123-K127",
      doi = {10.1002/pssa.2210230250},
}

@article{trapping2,
      author         = "G. Alimonti and others",
      title          = "{A study of charge trapping in irradiated silicon with test beam data}",
      year           = "2003",
      journal         = "ATL-INDET-2003-014",
pages="[\href{https://cds.cern.ch/record/685542}{cds.cern.ch:685542}]",
}

@article{benoit:20xx,
      title          = "{Generic Geant4 implementation for pixel detectors}",
      author        = "John Idarraga and Mathieu Benoit",
      year           = "2006",
      journal           = "The AllPix Simulation Framework",
      pages="[\href{https://twiki.cern.ch/twiki/bin/view/Main/AllPix}{twiki.cern.ch:AllPix}]",
}

@article{Landau:1944if,
      author         = "Landau, L.",
      title          = "{On the energy loss of fast particles by ionization}",
      journal        = "J. Phys.(USSR)",
      volume         = "8",
      year           = "1944",
      pages          = "201-205",
      SLACcitation   = "%%CITATION = JOPYA,8,201;%%"
}



@misc{ITkStripsTDR,
      collaboration = "ATLAS",
      title         = "{Technical Design Report for the ATLAS Inner Tracker Strip
                       Detector}",
      institution   = "CERN",
      address       = "Geneva",
      number        = "CERN-LHCC-2017-005. ATLAS-TDR-025",
      month         = "Apr",
      year          = "2017",
      reportNumber  = "CERN-LHCC-2017-005",
      url =                {https://cds.cern.ch/record/2257755} ,
}

@misc{ATLASLoIPhaseII,
      collaboration = {ATLAS},
      title         = "{Letter of Intent for the Phase-II Upgrade of the ATLAS
                       Experiment}",
      institution   = "CERN",
      address       = "Geneva",
      number        = "CERN-LHCC-2012-022. LHCC-I-023",
      month         = "Dec",
      year          = "2012",
      reportNumber  = "CERN-LHCC-2012-022",
      url =                {https://cds.cern.ch/record/1502664} ,
}

@misc{ATLASITkScopingDocument,
      title         = "{ATLAS Phase-II Upgrade Scoping Document}",
      institution   = "CERN",
      collaboration = "ATLAS Collaboration",
      address       = "Geneva",
      number        = "CERN-LHCC-2015-020. LHCC-G-166",
      month         = "Sep",
      year          = "2015",
      reportNumber  = "CERN-LHCC-2015-020",
      url =                {https://cds.cern.ch/record/2055248} ,
}

@misc{HL-LHCApproval,
      title         = "{The High-Luminosity LHC Project. 298th Meeting of
                       Scientific Policy Committee}",
      number        = "CERN/SPC/1068. CERN/FC/6014. CERN/3255",
      month         = "Jun",
      year          = "2016",
      url =                {https://cds.cern.ch/record/2199189} ,
}

@techreport{ATL-PHYS-PUB-2014-016,
      title         = "{Projections for measurements of Higgs boson signal
                       strengths and coupling parameters with the ATLAS detector
                       at a HL-LHC}",
      institution   = "CERN",
      address       = "Geneva",
      number        = "ATL-PHYS-PUB-2014-016",
      month         = "Oct",
      year          = "2014",
      reportNumber  = "ATL-PHYS-PUB-2014-016",
      url =               {https://cds.cern.ch/record/1956710} ,
}

@techreport{ATL-PHYS-PUB-2016-022,
      title         = "{Prospects for a search for direct pair production of top
                       squarks in scenarios with compressed mass spectra at the
                       high luminosity LHC with the ATLAS Detector}",
      institution   = "CERN",
      collaboration = "ATLAS Collaboration",
      address       = "Geneva",
      number        = "ATL-PHYS-PUB-2016-022",
      month         = "Oct",
      year          = "2016",
      reportNumber  = "ATL-PHYS-PUB-2016-022",
      url =                {https://cds.cern.ch/record/2220904} ,
}
@article{SusyPrimer,
      author         = "Martin, Stephen P.",
      title          = "{A Supersymmetry primer}",
      year           = "1997",
      doi            = "10.1142/9789812839657_0001, 10.1142/9789814307505_0001",
      note           = "[Adv. Ser. Direct. High Energy Phys.18,1(1998)]",
      eprint         = "hep-ph/9709356",
      archivePrefix  = "arXiv",
      primaryClass   = "hep-ph",
      reportNumber   = "FERMILAB-PUB-97-425-T",
      SLACcitation   = "%%CITATION = HEP-PH/9709356;%%"
}

@techreport{ATL-PHYS-PUB-2015-032,
      title         = "{Prospect for a search for direct pair production of a
                       chargino and a neutralino decaying via a W boson and the
                       lightest Higgs boson in final states with one lepton, two
                       b-jets and missing transverse momentum at the high
                       luminosity LHC with the ATLAS Detector.}",
      institution   = "CERN",
      address       = "Geneva",
      number        = "ATL-PHYS-PUB-2015-032",
      month         = "Jul",
      year          = "2015",
      reportNumber  = "ATL-PHYS-PUB-2015-032",
      url           = "https://cds.cern.ch/record/2038565",
}


  	
@article{1748-0221-10-03-C03031,
  author={J. Lange and E. Cavallaro and S. Grinstein and I. L\'opez Paz},
  title={3D silicon pixel detectors for the ATLAS Forward Physics experiment},
  journal={Journal of Instrumentation},
  volume={10},
  number={03},
  pages={C03031},
  year={2015},
  doi = {10.1088/1748-0221/11/11/C11024},
}
	

  	
@article{1748-0221-11-11-C11024,
  author={J. Lange and M. Carulla Areste and E. Cavallaro and F. F\"orster and S. Grinstein and I. L\'opez Paz and M. Manna and G.
Pellegrini and D. Quirion and S. Terzo and D. V\`azquez Furelos},
  title={3D silicon pixel detectors for the High-Luminosity LHC},
  journal={Journal of Instrumentation},
  volume={11},
  number={11},
  pages={C11024},
  doi = {10.1088/1748-0221/11/11/C11024},
  year={2016},
}
	

@article{UNNO201372,
title = "Development of novel n+-in-p Silicon Planar Pixel Sensors for HL-LHC",
journal= "Nucl. Instrum. Meth.",
volume = "A699",
number = "",
pages = "72 - 77",
year = "2013",
issn = "0168-9002",
doi = "10.1016/j.nima.2012.04.061",
author = "Y. Unno and others",
}

@misc{RD53,
  title = "{RD53 Collaboration}",
  url =               {https://rd53.web.cern.ch/RD53/} ,
}
@article{PERIC2007876,
title = "A novel monolithic pixelated particle detector implemented in high-voltage CMOS technology",
journal= "Nucl. Instrum. Meth.",
volume = "A582",
number = "3",
pages = "876 - 885",
year = "2007",
note = "VERTEX 2006",
issn = "0168-9002",
doi = "10.1016/j.nima.2007.07.115",
author = "Ivan Peri{\'c}",
}


  	
@article{1748-0221-11-02-C02045,
  author={P. Rymaszewski and M. Barbero and P. Breugnon and S. Godiot and L. Gonella and T. Hemperek and T. Hirono and F. H\"ugging and H.
Kr\"uger and J. Liu and P. Pangaud and I. Peric and A. Rozanov and A. Wang and N. Wermes},
  title={Prototype Active Silicon Sensor in 150 nm HR-CMOS technology for ATLAS Inner Detector Upgrade},
  journal={Journal of Instrumentation},
  volume={11},
  number={02},
  pages={C02045},
  doi = {10.1088/1748-0221/11/02/C02045},
  year={2016},
}
	
@article{HEMPEREK20158,
title = "A Monolithic Active Pixel Sensor for ionizing radiation using a 180nm HV-SOI process",
volume = "A796",
number = "",
journal= "Nucl. Instrum. Meth.",
pages = "8 - 12",
year = "2015",
note = "Proceedings of the 10th International Conference on Radiation Effects on Semiconductor Materials Detectors and Devices",
issn = "0168-9002",
doi = "10.1016/j.nima.2015.02.052",
author = "Tomasz Hemperek and Tetsuichi Kishishita and Hans Krüger and Norbert Wermes",
}

@article{1748-0221-12-02-P02021,
  author={I. Mandi{\v c} and V. Cindro and A. Gori{\v s}ek and B. Hiti and G. Kramberger and M. Miku{\v z} and M. Zavrtanik and T. Hemperek and M. Daas and F.
H\"gging and H. Kr\"uger and D.-L. Pohl and N. Wermes and L. Gonella},
  title={Neutron irradiation test of depleted CMOS pixel detector prototypes},
  journal={Journal of Instrumentation},
  volume={12},
  number={02},
  pages={P02021},
  doi = {:10.1088/1748-0221/12/02/P02021},
  year={2017},
}

@INPROCEEDINGS{5402213,
author={G. Kramberger and V. Cindro and I. Mandic and M. Mikuz and M. Milovanovic and M. Zavrtanik},
booktitle={2009 IEEE Nuclear Science Symposium Conference Record (NSS/MIC)},
title={Investigation of electric field and charge multiplication in silicon detectors by Edge-TCT},
year={2009},
pages={1740-1748},
doi={10.1109/NSSMIC.2009.5402213},
ISSN={1082-3654},
month={Oct},}

@article{BOMBEN2012940,
title = "Recent progress of the ATLAS Planar Pixel Sensor R\&D Project",
journal = "Physics Procedia",
volume = "37",
number = "",
pages = "940 - 949",
year = "2012",
note = "Proceedings of the 2nd International Conference on Technology and Instrumentation in Particle Physics (TIPP 2011)",
issn = "1875-3892",
doi = "10.1016/j.phpro.2012.02.436",
author = "M. Bomben",
}
	

  	
@article{1748-0221-7-10-P10028,
  author={J Weingarten and S Altenheiner and M Beimforde and M Benoit and M Bomben and others},
      title          = "{Planar Pixel Sensors for the ATLAS Upgrade: Beam Tests
                        results}",
      journal        = "JINST",
      volume         = "7",
      year           = "2012",
      pages          = "P10028",
      doi            = "10.1088/1748-0221/7/10/P10028",
}
	
@article{SNOJ2011136,
title = "Analysis of neutron flux distribution for the validation of computational methods for the optimization of research reactor utilization",
journal = "Applied Radiation and Isotopes",
volume = "69",
number = "1",
pages = "136 - 141",
year = "2011",
note = "",
issn = "0969-8043",
doi = "10.1016/j.apradiso.2010.08.019",
author = "L. Snoj and A Trkov and R. Jacimovic and P. Rogan and G. Zerovnik and M. Ravnik",
}

@article{DALLABETTA2016388,
title = "The INFN-FBK ``Phase-2'' R\&D program",
  journal= "Nucl. Instr. and Meth. A",
volume = "824",
number = "",
pages = "388 - 391",
year = "2016",
note = "Frontier Detectors for Frontier Physics: Proceedings of the 13th Pisa Meeting on Advanced Detectors",
issn = "0168-9002",
doi = "10.1016/j.nima.2015.08.074",
author = "G.-F. Dalla Betta and M. Boscardin and M. Bomben and M. Brianzi and G. Calderini and G. Darbo and R. Dell'Orso and A. Gaudiello and G. Giacomini and R. Mendicino and M. Meschini and A. Messineo and S. Ronchin and D.M.S. Sultan and N. Zorzi",
}

@misc{TrentoWS2017,
  url =               {https://indico.cern.ch/event/587631/contributions/2467357/} ,
  title = "FBK-INFN-LPNHE thin n-on-p pixel detectors: beamtest results",
  author = "Ducourthial, A. and Bomben, M. and others",
  year = "2017",
  note = {12th Trento Workshop on Advanced Silicon Radiation Detectors},
}

@misc{SabinaTrentoWS2017,
  url =               {https://indico.cern.ch/event/587631/contributions/2471721/} ,
  title = "Edgeless planar pixel sensors with ATLAS and CMS designs produced by FBK-CMM",
  author = "Ronchin, S. and others",
  year = "2017",
  note = {12th Trento Workshop on Advanced Silicon Radiation Detectors},
}

@article{bib:3DFBK,
title = "3D silicon sensors: Design, large area production and quality assurance for the ATLAS IBL pixel detector upgrade",
  journal= "Nucl. Instr. and Meth. A",
volume = "694",
number = "",
pages = "321 - 330",
year = "2012",
note = "",
issn = "0168-9002",
doi = "10.1016/j.nima.2012.07.058",
author = "Cinzia Da Via and others",
}

@article{Bomben:2013cia,
      author         = "Bomben, M. and Bagolini, A. and Boscardin, M. and
                        Bosisio, L. and Calderini, G. and Chauveau, J. and
                        Giacomini, G. and La Rosa, A. and Marchori, G. and Zorzi,
                        N.",
      title          = "{Electrical characterization of thin edgeless N-on-p
                        planar pixel sensors for ATLAS upgrades}",
      booktitle      = "{Proceedings, 15th International Workshop on Radiation
                        Imaging Detector (IWORID 2013): Paris, France, 23-27 Jun
                        2013}",
      journal        = "JINST",
      volume         = "9",
      year           = "2014",
      pages          = "C05020",
      doi            = "10.1088/1748-0221/9/05/C05020",
      SLACcitation   = "%%CITATION = ARXIV:1311.1628;%%"
}

@inproceedings{Bomben:2013vua,
      author         = "Bomben, Marco and Bagolini, Alvise and Boscardini,
                        Maurizio and Bosisio, Luciano and Calderini, Giovanni and
                        Chauveau, Jaques and Giacomini, Gabriele and La Rosa,
                        Alessandro and Marchori, Giovanni and Zorzi, Nicola",
      title          = "{Performance of Irradiated Thin Edgeless N-on-P Planar
                        Pixel Sensors for ATLAS Upgrades}",
      booktitle      = "{Proceedings, 2013 IEEE Nuclear Science Symposium and
                        Medical Imaging  Conference (NSS/MIC 2013): Seoul, Korea,
                        October 26-November 2, 2013}",
      year           = "2013",
      pages          = "6829425",
      doi            = "10.1109/NSSMIC.2013.6829425",
      SLACcitation   = "%%CITATION = ARXIV:1311.3780;%%"
}
@article{USBpix,
title = "Development of a versatile and modular test system for {ATLAS} hybrid pixel detectors ",
journal = "Nucl. Instr. Meth. A",
volume = "650",
number = "1",
pages = "37 - 40",
year = "2011",
note = "International Workshop on Semiconductor Pixel Detectors for Particles and Imaging 2010 ",
issn = "0168-9002",
doi = "10.1016/j.nima.2010.12.087",
author = "Backhaus, M and others",
}

 
@misc{GregorVertex2016,
  title = "{Radiation damage models, comparison and perfomance of TCAD simulation}",
  author = "{Gregor Kramberger}",
  url =               {https://indico.cern.ch/event/452781/contributions/2297596/} ,
  year = {2016},
  booktitle={25th International Workshop on Vertex Detectors (VERTEX2016)},
 month={25-30 September},
}

@article{Allport2016,
title = "Charge collection and field profile studies of heavily irradiated strip sensors for the \{ATLAS\} inner tracker upgrade ",
volume = "831",
journal        = "Nucl. Instrum. Meth. A",
number = "",
pages = "181 - 188",
year = "2016",
author = "Hara, H and Allport, P P and others",
doi = {10.1016/j.nima.2016.04.035},
}

@article{KOSAR2010635,
title = "Effect of substrate thickness and material on heat transfer in microchannel heat sinks",
journal = "International Journal of Thermal Sciences",
volume = "49",
number = "4",
pages = "635 - 642",
year = "2010",
note = "",
issn = "1290-0729",
doi = "10.1016/j.ijthermalsci.2009.11.004",
author = "{Ali Ko\c{s}ar}",
}

@misc{REFLECS,
  title= "{Development and production of silicon micro-channels prototypes: Paris contribution}",
  author = {Bomben, M},
  year = "{2017}",
  url =               {https://indico.cern.ch/event/590645/contributions/2542241/} ,
 month={4-7 April},
 booktitle = "{AIDA-2020 2nd Annual Meeting, Paris - France}",
 }

@article{KIM201474,
title = "Review of databases and predictive methods for pressure drop in adiabatic, condensing and boiling mini/micro-channel flows",
journal = "International Journal of Heat and Mass Transfer",
volume = "77",
number = "",
pages = "74 - 97",
year = "2014",
issn = "0017-9310",
author = "Sung-Min Kim and Issam Mudawar",
doi = "10.1016/j.ijheatmasstransfer.2014.04.035",
}



  	
@article{1748-0221-8-04-P04004,
  author={A Nomerotski and J Buytart and P Collins and R Dumps and E Greening and M John and A Mapelli and A Leflat and Y Li and G Romagnoli and B
Verlaat},
  title={Evaporative CO 2 cooling using microchannels etched in silicon for the future LHCb vertex detector},
  journal={Journal of Instrumentation},
  volume={8},
  number={04},
  pages={P04004},
  year={2013},
  doi = {10.1088/1748-0221/8/04/P04004},
}
	
@article{PhysRevD.71.051502,
  title = "{Measurement of the ${\overline{B}}^{0}\ensuremath{\rightarrow}{D}^{*+}{\ensuremath{\ell}}^{\ensuremath{-}}{\overline{\ensuremath{\nu}}}_{\ensuremath{\ell}}$ decay rate and $|{V}_{cb}|$}",
  author = {Aubert, B. and others},
  collaboration = {BABAR Collaboration},
  journal = {Phys. Rev. D},
  volume = {71},
  issue = {5},
  pages = {051502},
  numpages = {8},
  year = {2005},
  month = {Mar},
  publisher = {American Physical Society},
  doi = {10.1103/PhysRevD.71.051502},
}

@article{PhysRevD.77.032002,
  title = "{Determination of the form factors for the decay ${B}^{0}\ensuremath{\rightarrow}{D}^{*\ensuremath{-}}{l}^{+}{\ensuremath{\nu}}_{l}$ and of the CKM matrix element $|{V}_{cb}|$}",
  author = {Aubert, B. and others},
  collaboration = {BABAR Collaboration},
  journal = {Phys. Rev. D},
  volume = {77},
  issue = {3},
  pages = {032002},
  numpages = {18},
  year = {2008},
  month = {Feb},
  publisher = {American Physical Society},
  doi = {10.1103/PhysRevD.77.032002},
}






@inbook{babar_leakage,
author = {V. Re and others},
title = "{New effects observed in the babar silicon vertex tracker: interpretation and estimate of their impact on the future performance of the detector}",
booktitle = {Astroparticle, Particle and Space Physics, Detectors and Medical Physics Applications},
chapter = {},
pages = {1044-1048},
doi = {10.1142/9789812773678_0168},
publisher = "{WORLD SCIENTIFIC}",
year = "{2011}",
}

@article{PhysRevLett.99.081801,
  title = "{Measurement of the Time-Dependent $CP$ Asymmetry in ${B}^{0}\ensuremath{\rightarrow}{D}_{CP}^{(*)}{h}^{0}$ Decays}",
  author = {Aubert, B. and others},
  collaboration = {The BABAR Collaboration},
  journal = {Phys. Rev. Lett.},
  volume = {99},
  issue = {8},
  pages = {081801},
  numpages = {7},
  year = {2007},
  month = {Aug},
  publisher = {American Physical Society},
  doi = {10.1103/PhysRevLett.99.081801},
}

@article{PASSERI2016443,
  title = "Modeling of radiation damage effects in silicon detectors at high fluences HL-LHC with Sentaurus TCAD",
journal        = "Nucl. Instrum. Meth. A",
  volume = "824",
  number = "",
  pages = "443 - 445",
  year = "2016",
  note = "Frontier Detectors for Frontier Physics: Proceedings of the 13th Pisa Meeting on Advanced Detectors",
  doi = "10.1016/j.nima.2015.08.039",
  author = "D. Passeri and F. Moscatelli and A. Morozzi and G.M. Bilei",
}

@article{Affolder:2010zz,
      author         = "Affolder, Anthony and Allport, Phil and Casse, Gianluigi",
      title          = "{Collected charge of planar silicon detectors after pion
                        and proton irradiations up to 2.2 x 10**16 n(eq) cm**-2}",
      booktitle      = "{Technology and instrumentation in particle physics.
                        Proceedings, 1st International Conference, TIPP09,
                        Tsukuba, Japan, March 12-17, 2009}",
      journal        = "Nucl. Instrum. Meth.",
      volume         = "A623",
      year           = "2010",
      pages          = "177-179",
      doi            = "10.1016/j.nima.2010.02.187",
}

@misc{RD50,
  title = {RD50 - Radiation hard semiconductor devices for very high luminosity colliders},
  collaboration = {RD50}, 
  url   = {http://rd50.web.cern.ch/rd50/},
}

@misc{AudreyPSD11,
  title = "FBK-INFN-LPNHE thin n-on-p pixel detectors: beamtest results",
  url = {https://indico.cern.ch/event/615961/contributions/2659621/},
  author = "Audrey Ducourthial and others",
  note = {In Position Sensitive Detectors 11},
}

@misc{DigitizerPSD11,
  url = {https://indico.cern.ch/event/615961/contributions/2660336},
  title = "Modeling Radiation Damage to Pixel Sensors in the ATLAS Detector",
  note = {In Position Sensitive Detectors 11},
  collaboration = {ATLAS},
}

@techreport{Rossini:2273193,
      author        = "Rossini, Lorenzo and Lari, Tommaso and Battaglia, Marco
                       and Nachman, Benjamin Philip and Bomben, Marco and
                       Ducourthial, Audrey and Meng, Lingxin and Carney, Rebecca",
      title         = "{Charge Collection Efficiency as a function of integrated
                       luminosity}",
      institution   = "CERN",
      collaboration = {ATLAS},
      address       = "Geneva",
      number        = "ATL-INDET-INT-2017-013",
      month         = "Jul",
      year          = "2017",
      reportNumber  = "ATL-INDET-INT-2017-013",
      url           = "https://atlas.web.cern.ch/Atlas/GROUPS/PHYSICS/PLOTS/PIX-2017-004",
}

@misc{Fluka13TeV,
  url = {https://twiki.cern.ch/twiki/bin/viewauth/Atlas/RadiationBackgroundSimulationsRun2\#13\_TeV\_simulations\_corresponding},
  title = "Radiation Background Simulations for Run2",
  collaboration = "ATLAS"
}

@article{Aad:2014mta,
      author         = "Aad, Georges and others",
      title          = "{Operation and performance of the ATLAS semiconductor
                        tracker}",
      collaboration  = "ATLAS",
      journal        = "JINST",
      volume         = "9",
      year           = "2014",
      pages          = "P08009",
      doi            = "10.1088/1748-0221/9/08/P08009",
      reportNumber   = "CERN-PH-EP-2014-049",
}

@techreport{Miucci:2129027,
      author        = "Miucci, Antonio and Jeanty, Laura",
      title         = "{IBL Calibration Plots and Drift of Calibration with
                       Luminosity}",
      institution   = "CERN",
      address       = "Geneva",
      number        = "ATL-INDET-INT-2016-003",
      month         = "Feb",
      year          = "2016",
      reportNumber  = "ATL-INDET-INT-2016-003",
      url           = "https://cds.cern.ch/record/2129027",
}

@techreport{Higashino:2252674,
      author        = "Higashino, Satoshi and Imasaka, Toshihiro",
      title         = "{IBL Calibration Plots and Drift of Calibration with
                       Luminosity in 2016}",
      institution   = "CERN",
      collaboration = "ATLAS Collaboration",
      address       = "Geneva",
      number        = "ATL-INDET-INT-2017-004",
      month         = "Feb",
      year          = "2017",
      reportNumber  = "ATL-INDET-INT-2017-004",
      url           = "https://cds.cern.ch/record/2252674",
}

@misc{ wiki:b-tagging,
   author = "Wikimedia Commons",
   title = "File:B-tagging diagram.png --- Wikimedia Commons{,} the free media repository",
   year = "2016",
   url = "https://commons.wikimedia.org/w/index.php?title=File:B-tagging_diagram.png&oldid=216090609",
note = "[Online; accessed
2-September-2017
]"

 }

@article{Beyer:2252757,
      author        = "Beyer, Julien-Christopher",
      title         = "{Simulation of the depletion voltage evolution of the
                       ATLAS Pixel Detector}",
      collaboration = "ATLAS Collaboration",
      month         = "Feb",
      year          = "2017",
      reportNumber  = "ATL-INDET-SLIDE-2017-036",
      url           = "https://cds.cern.ch/record/2252757",
}



@article{Benoit:2255825,
      author        = "Benoit, Mathieu and Bomben, Marco and Carney, Rebecca and
                       Giugliarelli, Gilberto and Lari, Tommaso and Meng, Lingxin
                       and Nachman, Benjamin Philip and Ducourthial, Audrey
 and others",
      title         = "{Modeling Radiation Damage Effects for Pixel Sensors in
                       the ATLAS Detector}",
      institution   = "CERN",
      address       = "Geneva",
      number        = "ATL-COM-INDET-2017-011",
      month         = "Mar",
      year          = "2017",
      reportNumber  = "ATL-COM-INDET-2017-011",
      url           = "https://cds.cern.ch/record/2255825",
      journal       = {In preparation},
}

@misc{DigiIFAE,
    author = {Rossini, Lorenzo},
    url = {https://agenda.infn.it/getFile.py/access?contribId=45\&sessionId=22\&resId=0\&materialId=poster\&confId=12289},
    title = {Operation and Radiation Damage studies of the ATLAS Pixel Detector},
    note = {In Incontri di Fisica delle Alte Energie 2017},
    year = {2017},
    month = {April},
}

@article{Benoit:2016nzr,
      author         = "Benoit, M. and others",
      title          = "{The FE-I4 Telescope for particle tracking in testbeam
                        experiments}",
      journal        = "JINST",
      volume         = "11",
      year           = "2016",
      number         = "07",
      pages          = "P07003",
      doi            = "10.1088/1748-0221/11/07/P07003",
      SLACcitation   = "%%CITATION = ARXIV:1603.07776;%%"
}

@article{benoit:20xx,
      title          = "{Generic Geant4 implementation for pixel detectors}",
      author        = "John Idarraga and Mathieu Benoit",
      year           = "2006",
      journal           = "The AllPix Simulation Framework",
      pages="[\href{https://twiki.cern.ch/twiki/bin/view/Main/AllPix}{twiki.cern.ch:AllPix}]",
}

@article{Ducourthial:2017kfw,
      author         = "Ducourthial, Audrey and others",
      title          = "{Thin and edgeless sensors for ATLAS pixel detector
                        upgrade}",
      booktitle      = "{Proceedings, 11th International Conference on Position
                        Sensitive Detectors (PSD11): Milton Keynes, UK, September
                        3-8, 2017}",
      journal        = "JINST",
      volume         = "12",
      year           = "2017",
      number         = "12",
      pages          = "C12038",
      doi            = "10.1088/1748-0221/12/12/C12038",
}

@INPROCEEDINGS{6690968,
author={Hirayama, T and others },
booktitle={2013 IEEE Asian Solid-State Circuits Conference (A-SSCC)},
title={The evolution of CMOS image sensors},
year={2013},
volume={},
number={},
pages={5-8},
doi={10.1109/ASSCC.2013.6690968},
}

@techreport{ATLASITkPixelTDR,
      author        = "Collaboration, ATLAS",
      title         = "{Technical Design Report for the ATLAS Inner Tracker Pixel
                       Detector}",
      institution   = "CERN",
      address       = "Geneva",
      number        = "CERN-LHCC-2017-021. ATLAS-TDR-030",
      month         = "Sep",
      year          = "2017",
      reportNumber  = "CERN-LHCC-2017-021",
      url           = "https://cds.cern.ch/record/2285585",
}

@article{PSI46,
      author         = "Kastli, H. Chr. and Barbero, M. and Erdmann, W. and
                        Hormann, Ch. and Horisberger, R. and Kotlinski, D. and
                        Meier, B.",
      title          = "{Design and performance of the CMS pixel detector readout
                        chip}",
      journal        = "Nucl. Instrum. Meth.",
      volume         = "A565",
      year           = "2006",
      pages          = "188-194",
      doi            = "10.1016/j.nima.2006.05.038",
}

@article{IBL_paper,
      author         = "Abbott, B. and others",
      title          = "{Production and Integration of the ATLAS Insertable
                        B-Layer}",
      collaboration  = "ATLAS IBL",
      journal        = "JINST",
      volume         = "13",
      year           = "2018",
      number         = "05",
      pages          = "T05008",
      doi            = "10.1088/1748-0221/13/05/T05008",
}

@article{Savic:2016xwn,
      author         = "Savic, Natascha and Beyer, J. and Macchiolo, A. and
                        Nisius, R.",
      title          = "{Investigation of thin n-in-p planar pixel modules for
                        the ATLAS upgrade}",
      booktitle      = "{Proceedings, 18th International Workshop on Radiation
                        Imaging Detectors (IWORID 2016): Barcelona, Spain, July
                        3-7, 2016}",
      journal        = "JINST",
      volume         = "11",
      year           = "2016",
      number         = "12",
      pages          = "C12008",
      doi            = "10.1088/1748-0221/11/12/C12008",
}


@techreport{Collaboration:2623663,
    author         = "{ATLAS Collaboration}",
      title         = "{Technical Proposal: A High-Granularity Timing Detector
                       for the ATLAS Phase-II Upgrade}",
      institution   = "CERN",
      address       = "Geneva",
      number        = "CERN-LHCC-2018-023. LHCC-P-012",
      month         = "Jun",
      year          = "2018",
      reportNumber  = "CERN-LHCC-2018-023",
      url           = "http://cds.cern.ch/record/2623663",
}

@Booklet{CERN-ATS-2012-236,
      author        = "Rossi, L and Bruning, O",
      title         = "{High Luminosity Large Hadron Collider: A description for
                       the European Strategy Preparatory Group}",
      institution   = "CERN",
      collaboration = "The project is partially supported by the EC as FP7 HiLumi
                       LHC Design Study under grant no. 284404 Collaboration",
      address       = "Geneva",
      number        = "CERN-ATS-2012-236",
      month         = "Aug",
      year          = "2012",
      reportNumber  = "CERN-ATS-2012-236",
      url           = "https://cds.cern.ch/record/1471000",
}

@Booklet{CERN-ACC-2015-0140,
      author        = "Bejar Alonso, I and Rossi, L",
      title         = "{HiLumi LHC Technical Design Report: Deliverable: D1.10}",
      number        = "CERN-ACC-2015-0140",
      month         = "Nov",
      year          = "2015",
      reportNumber  = "CERN-ACC-2015-0140",
      url           = "https://cds.cern.ch/record/2069130",
}


@techreport{Collaboration:2296612,
      author        = "{CMS Collaboration}",
      title         = "{TECHNICAL PROPOSAL FOR A MIP TIMING DETECTOR IN THE CMS
                       EXPERIMENT PHASE 2 UPGRADE}",
      institution   = "CERN",
      address       = "Geneva",
      number        = "CERN-LHCC-2017-027. LHCC-P-009",
      month         = "Dec",
      year          = "2017",
      reportNumber  = "CERN-LHCC-2017-027",
      url           = "https://cds.cern.ch/record/2296612",
}
