@Booklet{CERN-ATS-2012-236,
      author        = "Rossi, L and Bruning, O",
      title         = "{High Luminosity Large Hadron Collider: A description for
                       the European Strategy Preparatory Group}",
      institution   = "CERN",
      collaboration = "The project is partially supported by the EC as FP7 HiLumi
                       LHC Design Study under grant no. 284404 Collaboration",
      address       = "Geneva",
      number        = "CERN-ATS-2012-236",
      month         = "Aug",
      year          = "2012",
      reportNumber  = "CERN-ATS-2012-236",
      url           = "https://cds.cern.ch/record/1471000",
}
