@misc{colorado_resistivity,
  title     = {2.9 Mobility - Resistivity - Sheet Resistance},
  url       = {https://ecee.colorado.edu/~bart/book/mobility.htm},
  publisher = {University of Colorado Boulder},
  author    = {Bart J. Van Zeghbroeck},
  year      = {1996, 1997},
  journal   = {2.9 Mobility - Resistivity - Sheet Resistance}
}
@misc{deshpande,
  title   = {RP Deshpande's answer to What is transient in electrical?},
  url     = {https://www.quora.com/What-is-transient-in-electrical-1/answer/RP-Deshpande},
  journal = {Quora},
  author  = {Deshpande, RP}
}
@misc{wikipedia_drift,
  title     = {Drift velocity},
  url       = {https://en.wikipedia.org/wiki/Drift_velocity},
  journal   = {Wikipedia},
  publisher = {Wikimedia Foundation},
  year      = {2020},
  month     = {Apr}
}
@misc{wikipedia_mobility,
  title     = {Electron mobility},
  url       = {https://en.wikipedia.org/wiki/Electron_mobility},
  journal   = {Wikipedia},
  publisher = {Wikimedia Foundation},
  year      = {2020},
  month     = {Jun}
}
@misc{wikipedia_resistivity,
  title     = {Electron mobility},
  url       = {https://en.wikipedia.org/wiki/Electron_mobility#Relation_to_conductivity},
  journal   = {Wikipedia},
  publisher = {Wikimedia Foundation},
  year      = {2020},
  month     = {Jun}
}
@misc{wikipedia_resistivity_ideal,
  title     = {Electrical resistivity and conductivity},
  url       = {https://en.wikipedia.org/wiki/Electrical_resistivity_and_conductivity#Ideal_case},
  journal   = {Wikipedia},
  publisher = {Wikimedia Foundation},
  year      = {2020},
  month     = {Jun}
}
